2008 3302
5 101 41 178 ἠΰς
19 75 41 88 5

430 280 600 327 IONAS,
617 279 780 317 VITAE
806 279 1114 317 COLUMBANI
1138 279 1285 316 LIBRI
1310 279 1363 317 H.
1607 283 1651 318 17

145 405 252 451 tulit.
320 405 462 459 Quare
506 403 792 448 Columbanus
821 407 1056 459 permotus,
1102 407 1263 446 mutato
1303 402 1490 456 consilio,
1531 417 1652 459 pere-

141 464 429 522 minationem
453 478 576 507 suam
601 463 754 506 iterum
777 462 1089 518 interrumpere
1119 462 1351 517 constituit,
1384 462 1423 506 si
1453 462 1564 516 forte
1591 462 1653 505 ‘in

143 524 340 570 cordibus
382 523 571 578 gentium
610 522 855 566 vicinarum
894 523 1023 575 fidem
1061 536 1200 566 serere
1231 522 1444 566 valeret'.
1416 522 1431 548 1
1506 522 1654 576 Eleyit

7 584 14 629 ἱ
143 584 343 640 amidam
373 587 588 637 vetustum,
631 582 731 625 olim
763 596 835 625 ver
837 596 860 624 ο
891 581 1094 636 dirutum,
1128 582 1196 625 cui
1226 581 1470 636 Briqantia
1500 596 1654 625 nomen

4 651 30 704 f
100 661 121 690 ι
143 648 247 699 erat,
288 644 400 698 quod
438 644 498 686 ad
532 643 672 686 lacum
702 641 887 685 eiusdem
917 641 1108 684 nominis
1138 641 1266 685 situm
1298 642 1425 685 binas
1455 643 1655 697 tanyebat

142 703 239 748 vias
258 702 563 747 ceteberrimas.
609 701 784 745 Exinde
798 701 1066 744 Alamannis
1078 701 1272 756 payanis
1286 702 1395 754 fides
1411 701 1653 745 christiana

6 749 41 833 ⁴}
133 762 389 820 praedicari
420 766 562 817 coepta
593 766 666 805 est.

8 839 22 867 ·ῑ
286 822 486 866 Rhenum
531 821 714 874 fluvium
759 820 975 876 naviyans
1012 835 1096 875 per
1138 821 1284 864 urbem
1324 821 1653 876 Mayontiacum

27 939 30 942 Ι
134 882 357 938 profectus
400 886 471 935 est,
513 881 586 924 ubi
617 880 746 924 Lesio
784 880 1007 937 episcopus
1046 880 1264 924 alimentis
1299 895 1392 923 eum
1431 880 1650 924 instruxit.

26 970 54 982 .-
83 959 120 989 ιο
142 942 341 997 Denique
372 943 432 985 ad
470 942 604 985 locum
644 954 765 995 quem
805 941 987 995 eleyerat
1024 939 1205 996 appulit,
1253 941 1329 983 sed
1366 940 1438 983 ille
1477 940 1654 984 minime

3 988 40 1070 ξ
132 1002 344 1058 placebat,
376 1014 634 1056 quamquam
665 1001 713 1044 ob
744 1001 873 1054 fidem
897 1000 948 1043 in
965 1000 1160 1055 yentibus
1180 1001 1405 1043 serendam
1427 1000 1654 1055 paulisper

18 1060 38 1123 ξ’
141 1061 206 1107 ibi
224 1075 269 1106 se
289 1065 643 1105 commoraturum
665 1074 752 1103 esse
772 1059 1006 1115 spopondit.
1061 1059 1190 1103 Suevi
1214 1060 1289 1114 qui
1314 1059 1375 1102 ibi
1399 1060 1654 1103 habitabant

5 1134 42 1205 ‚2
142 1125 182 1165 et
211 1120 384 1177 payani
423 1125 462 1164 et
500 1120 672 1163 nomine
711 1124 833 1163 tenus
872 1119 1102 1163 christian-i
1137 1119 1266 1162 simul
1297 1133 1439 1162 omnes
1470 1121 1545 1163 deo
1577 1134 1652 1163 suo

150 1181 348 1226 Wodano
377 1180 442 1224 ita
472 1180 723 1234 sacrificare
761 1180 962 1234 solebant,
1004 1184 1052 1222 ut
1089 1193 1166 1222 vas
1205 1193 1408 1234 maynum
1448 1179 1654 1223 cerevisia

4 1241 42 1303 2
82 1257 118 1287 ιδ
133 1241 311 1297 plenum
355 1240 407 1284 in
451 1240 588 1283 medio
625 1239 815 1294 positum
861 1243 977 1282 esset.
1054 1238 1340 1282 Columbanus
1385 1253 1480 1282 cum
1525 1253 1654 1305 ayros

4 1304 39 1359 f}
141 1314 287 1344 eorum
302 1301 578 1355 perlustrans
597 1299 893 1352 sacrificantes
914 1298 1264 1352 deprehendisset,
1298 1298 1511 1353 ligamina
1535 1299 1654 1342 vasis

142 1359 319 1404 dissolvi
349 1358 676 1414 cerevisiamque
707 1360 929 1413 profluere
958 1358 1111 1411 iussit,·
1151 1358 1329 1401 barbari
1359 1363 1499 1401 autem
1529 1373 1652 1401 evan-

139 1419 290 1476 yelicis
318 1419 410 1462 eius
439 1418 566 1462 dictis
597 1418 796 1473 castiyati
825 1417 949 1460 multi
988 1421 1088 1461 tunc
1120 1419 1180 1460 ad
1208 1418 1336 1471 fidem
1367 1417 1653 1461 christianam

142 1478 335 1524 conversi
364 1482 464 1522 sunt
493 1478 654 1533 aliique
684 1477 759 1532 qui
790 1477 999 1533 baptizati
1033 1477 1125 1520 iam
1155 1481 1281 1520 erant
1309 1477 1449 1531 ipsius
1478 1477 1651 1520 monitis

19 1544 33 1591 J
82 1555 119 1583 no
141 1538 515 1595 superstitionibus
544 1552 588 1581 se
619 1537 919 1581 abstinuerunt
931 1538 958 1579 ¹.
1022 1537 1146 1580 Victu
1186 1537 1426 1580 necessario
1456 1537 1653 1580 monachi

24 1595 26 1600 ’
143 1598 276 1644 Scotti
305 1602 470 1654 eyentes
491 1612 575 1652 per
605 1597 795 1641 triduum
825 1596 975 1640 avibus
1005 1598 1290 1651 vescebantur,
1328 1601 1481 1651 quarto
1512 1601 1653 1640 autem

142 1658 213 1703 die
256 1658 474 1714 episcopus
518 1657 695 1712 quidam
739 1656 910 1700 vicinus
953 1656 1162 1710 frumenti
1208 1657 1373 1711 copiam
1413 1656 1476 1700 eis
1521 1657 1650 1700 misit.

148 1718 356 1764 Gellulam
385 1731 514 1773 quam
544 1717 629 1761 sibi
660 1721 958 1760 construxerat
983 1716 1270 1760 Columbanus
1290 1730 1405 1760 more
1425 1730 1501 1759 suo
1526 1717 1654 1760 certis

26 1811 33 1825 ⁷-
141 1777 398 1833 temporibus
446 1777 731 1832 relinquebat,
788 1778 1077 1831 desertumque
1127 1776 1300 1830 adiens,
1357 1777 1433 1820 sub
1483 1777 1654 1831 scopulo

16 1830 34 1865 ἕ
82 1854 119 1883 ιο
141 1838 326 1893 quodam
371 1837 654 1892 delitescebat,
703 1836 926 1880 comitante
970 1835 1170 1879 ministro
1216 1851 1304 1890 suo,
1352 1850 1433 1891 quo
1478 1850 1654 1880 munere

21 1893 28 1905 ¹
149 1897 452 1953 Ghaynoaldus
482 1901 582 1940 tunc
591 1897 884 1954 funqebatur.
938 1895 1016 1939 Ibi
1045 1895 1210 1940 ieiunio
1241 1910 1394 1950 corpus
1423 1896 1655 1949 conficiens

142 1957 280 2002 cibum
310 1957 491 2011 sumpsit
512 1951 645 2011 poma
674 1956 754 2000 illa
785 1956 1012 2010 silvestria,
1046 1957 1097 1999 de
1127 1955 1279 2010 quibus
1311 1955 1419 1998 dixi.

286 2017 427 2072 Prope
441 2016 724 2071 Briyantiam
748 2016 1034 2060 Columbanus
1053 2015 1128 2058 iix
1141 2030 1224 2070 per
1244 2015 1464 2059 biennium
1482 2015 1650 2059 restitit,

148 2076 256 2122 Cum
295 2077 413 2132 apud
458 2076 758 2120 Chlothaiium
796 2079 1051 2130 versaretur,
1094 2075 1149 2118 lis
1186 2075 1303 2118 inter
1338 2075 1653 2118 Theudericum

83 2152 120 2182 ω
142 2141 183 2181 et
206 2137 544 2180 ,Theudebertum
569 2151 610 2179 a.
635 2134 785 2191 610s1.
807 2139 955 2178 exorta
979 2139 1040 2178 est
1063 2139 1187 2189 atque
1209 2139 1383 2189 uterque
1410 2134 1652 2178 Chlotharii

142 2196 379 2240 societatem
409 2195 591 2239 ambisse
620 2195 788 2238 videtur
797 2196 825 2236 2.
888 2194 1021 2238 Anno
1050 2194 1302 2249 insequenti,
1335 2198 1563 2249 antequam
1594 2196 1655 2238 ad

133 2270 330 2312 puynam
370 2259 538 2299 ventum
568 2259 640 2309 est,
680 2254 967 2298 Columbanus
1006 2255 1067 2297 ad
1101 2255 1439 2297 Theudebertum
1479 2254 1654 2297 accessit

142 2315 371 2370 suasitque,
403 2319 452 2359 ut
480 2329 561 2358 sua
592 2318 737 2369 sponte
768 2313 946 2358 clericus
964 2315 1097 2368 fieret,
1130 2328 1184 2357 ne
1204 2318 1244 2357 et
1263 2327 1442 2369 reqnum
1462 2318 1502 2356 et
1520 2314 1653 2356 vitam

143 2380 363 2420 aeternam
390 2376 602 2431 perderet.
672 2375 794 2429 Quod
822 2373 1048 2417 consilium
1079 2387 1184 2416 sane
1214 2373 1459 2417 inauditum
1491 2373 1584 2428 reqi
1615 2378 1656 2416 et

85 2451 121 2481 αὖ
143 2434 514 2480 circumstantibus
534 2434 671 2478 risum
691 2434 844 2487 movit,·
875 2448 962 2477 non
983 2433 1097 2476 enim
1117 2433 1472 2488 Merovinqorum
1492 2434 1651 2487 fuerat,

24 2498 25 2501 ’
142 2509 273 2550 reyno
313 2494 500 2549 dimisso,
547 2494 660 2537 ultro
699 2498 850 2537 vestem
889 2498 1067 2536 mutare.
1139 2493 1310 2536 Bellum
1350 2493 1486 2547 iqitur
1517 2507 1655 2547 prope

149 2555 320 2598 Tullum
350 2569 391 2598 a.
416 2558 515 2597 612.
547 2568 688 2597 mense
709 2553 839 2596 Maio
861 2552 1128 2596 commissum
1153 2558 1214 2596 est
1244 2553 1504 2607 alterumque
1535 2554 1655 2608 apud

149 2614 425 2658 Tulbiacense
475 2618 662 2657 castrum
672 2628 688 2667 ,·
737 2613 788 2656 in
837 2618 1013 2667 utroque
1064 2613 1379 2656 Theudebertus
1430 2617 1655 2667 superatus

142 2674 294 2729 f'uyam
338 2673 453 2728 iniit,
501 2674 575 2717 sed
619 2677 770 2729 captus
815 2677 854 2716 et
899 2673 1142 2716 clericatum
1188 2677 1227 2715 et
1264 2676 1439 2715 mortem
1479 2672 1610 2715 subiit
1622 2673 1650 2713 3.

84 2750 121 2777 ιο
143 2733 341 2788 Denique
386 2737 549 2776 mortuo
585 2732 844 2776 Theuderico
884 2732 1162 2776 Chlotharius
1203 2747 1243 2774 a.
1279 2737 1378 2774 613.
1421 2732 1551 2774 trium
1591 2746 1652 2774 re-

142 2807 326 2849 ynerum
348 2792 600 2837 monarchia
623 2792 787 2847 potitus
817 2797 888 2847 est,
911 2792 1020 2836 sicut
1048 2791 1333 2836 Columbanus
1356 2791 1653 2845 praedixerat.

146 2911 182 2955 1)
201 2910 242 2947 V.
263 2910 416 2947 Columb.
439 2910 471 2954 I,
491 2911 548 2946 27.
647 2910 683 2954 2)
706 2910 732 2944 I
733 2910 763 2943 b.
788 2910 819 2954 I,
838 2911 906 2954 24‚·
931 2910 977 2952 cf'.
1001 2909 1109 2945 Fred.
1128 2909 1199 2954 IV,
1220 2910 1277 2944 37.
1376 2907 1413 2953 3)
1433 2908 1474 2944 V.
1495 2908 1652 2945 Columb.

146 2958 179 3003 I,
196 2959 265 2998 28,·
289 2959 336 3000 cf.
362 2958 470 2995 Fred.
493 2958 560 3002 IV,
579 2959 638 2994 38.

217 3030 316 3059 Ionas.
1366 3016 1389 3051 2
