2008 3302
448 294 617 341 IONAS,
636 295 798 332 VITAE
825 294 1132 333 COLUMBANI
1157 295 1304 333 LIBRI
1329 297 1383 335 11.
1625 301 1670 336 27

307 417 500 461 'Beatus
532 418 846 475 Hyeronimus
884 419 1113 471 adfirmat,
1155 420 1307 476 ipsum
1350 434 1547 472 cursum,
1591 422 1670 476 qui
1696 438 1795 471 *μη

161 477 333 520 dicitur
383 481 627 534 praesente
678 481 887 535 tempore
935 479 1218 528 Scottorum,
1269 480 1435 523 beatus
1482 481 1670 524 Marcus

161 537 441 581 decantavit.
483 561 542 566 —
574 560 632 566 —
675 535 920 590 (Patricius
959 553 989 582 a
1029 538 1153 593 Lupo
1194 542 1234 582 et
1270 539 1489 583 Germano
1530 540 1670 583 archi-

151 595 376 651 episcopus
406 596 455 639 in
488 596 660 640 Scottiis
690 611 742 641 ac
771 597 1028 641 Britanniis
1055 598 1246 654 positus)
1289 600 1440 655 ipsum
1483 614 1668 643 cursum

116 665 136 700 Β
159 656 333 700 ibidem
380 657 648 700 decantavit
696 659 743 700 et
795 660 900 714 post
951 658 1101 714 ipsum
1158 659 1323 702 beatus
1363 659 1668 704 Wandilocus

159 728 297 760 senex
338 718 386 758 et
427 716 590 760 beatus
629 715 933 774 Gomogillus‚
982 718 1062 773 qui
1109 719 1377 761 habuerunt
1418 720 1467 761 in
1509 734 1665 763 eorum

157 776 439 819 monasterio
470 777 725 820 monachus
758 778 954 820 cerciter
983 780 1085 820 trea
1124 778 1268 821 milia.
1340 778 1459 822 Inde
1502 779 1667 822 beatus

160 835 462 879 Wandilocus
494 836 541 878 in
576 837 907 892 predicationis
939 837 1248 880 ministerium
1282 853 1310 880 a
1342 839 1480 882 beato
1503 838 1667 882 Gomo-

158 895 272 953 gillo
294 896 459 939 missus
481 898 553 939 est
574 898 622 939 et
643 896 809 939 beatus
832 896 1149 940 Columbanus
1172 898 1383 953 partibus
1406 897 1666 942 Galliarum

98 967 134 996 ιο
157 955 371 998 distinati
403 958 514 998 sunt
545 956 825 1012 Luxogilum
859 958 1192 1000 monasterium
1226 960 1273 1001 et
1304 958 1479 1001 ibidem
1512 959 1665 1014 ipsum

157 1028 343 1059 cursum
375 1016 756 1068 decantaverunt,
792 1019 839 1060 et
864 1017 973 1060 inde
996 1020 1158 1073 postea
1181 1018 1445 1074 percrebuit
1466 1019 1665 1061 formam

157 1075 421 1118 sanctitatis
475 1089 633 1119 eorum
686 1090 769 1132 per
820 1077 1086 1119 universum
1134 1078 1289 1121 orbem
1339 1081 1570 1121 terrarum
1617 1081 1665 1121 et

155 1134 306 1178 multa
347 1136 545 1178 cenubia
585 1150 640 1179 ex
687 1149 846 1179 eorum
889 1137 1102 1180 doctrina
1143 1139 1238 1179 tam
1281 1138 1484 1181 virorum
1525 1152 1664 1193 quam

155 1194 419 1250 puellarum
463 1198 573 1238 sunt
620 1198 915 1252 congregata.
995 1197 1054 1239 Et
1101 1200 1263 1253 postea
1308 1198 1418 1241 inde
1467 1199 1664 1254 sumpsit

96 1270 131 1298 ιε
156 1254 392 1297 exordium
457 1255 542 1298 sub
595 1255 733 1298 beato
787 1255 1097 1308 columbano,
1161 1258 1284 1312 quod
1337 1260 1445 1300 ante
1499 1258 1663 1300 beatus

154 1313 340 1357 Marcus
372 1315 663 1370 euangelista
695 1316 976 1358 decantavit.

298 1373 415 1416 Erat
443 1373 626 1428 episcopi
655 1375 719 1417 vel
758 1374 1001 1429 sacerdotis,
1042 1374 1073 1417 i.
1107 1389 1139 1418 e.
1176 1376 1427 1430 presbyteri,
1471 1376 1540 1419 cui
1580 1377 1661 1420 liae

153 1431 204 1475 in
234 1445 282 1476 re
303 1446 459 1488 parem
489 1433 782 1477 auctoritatem
811 1433 1097 1478 Columbanus
1118 1435 1382 1489 attribuerat,
1402 1440 1661 1490 peccatorem

146 1491 418 1547 paenitentia
457 1493 658 1548 imposita
697 1493 894 1537 ccclesiae
934 1494 1224 1538 reconciliare.
1298 1495 1487 1538 Munere
1526 1495 1661 1550 iqitur

93 1566 130 1594 ιο
153 1553 414 1607 funyebatur
458 1552 610 1596 medici
656 1553 920 1608 spiritualis,
966 1554 1234 1608 diversosque
1274 1555 1438 1598 morbos
1478 1554 1661 1598 diversis

152 1611 390 1656 medicinae
417 1612 644 1667 generibus
675 1627 846 1668 curans,
879 1627 987 1667 quas
1017 1614 1193 1668 quisque
1224 1615 1490 1658 commiserat
1525 1615 1660 1669 culpis

153 1671 336 1716 diversis
366 1671 560 1715 diversas
599 1673 827 1716 adhibebat
856 1673 1163 1728 paenitentias.
1238 1674 1288 1718 Si
1329 1675 1482 1718 delicta
1513 1689 1659 1729 parva

151 1731 217 1775 vel
255 1731 438 1775 minima
477 1737 613 1786 erant,
646 1747 809 1788 parum
849 1733 1071 1786 referebat,
1113 1736 1315 1788 quomodo
1356 1734 1634 1789 expiarentur
1642 1749 1659 1788 ,-

148 1791 357 1847 yraviora
387 1796 528 1838 autem
558 1796 606 1835 ut
637 1793 824 1847 perfecte
855 1798 895 1836 et
924 1798 1272 1848 coynoscerentur
1303 1798 1342 1837 et
1381 1799 1656 1849 sanarentur,

91 1863 127 1892 so
151 1851 216 1895 vel
237 1851 415 1906 publica
445 1851 641 1895 ecclesiae
672 1853 791 1895 salus
814 1853 1073 1907 postulabat.
1137 1854 1260 1897 Haec
1301 1868 1377 1897 ars
1417 1859 1464 1897 ut
1495 1868 1657 1908 parum

151 1911 385 1954 communis
415 1916 520 1966 erat,
553 1912 615 1954 ita
649 1911 907 1956 Columbano
938 1913 1184 1956 necessaria
1214 1913 1310 1956 visa
1341 1918 1402 1957 est
1433 1915 1492 1957 ad
1520 1928 1658 1957 mores

150 1970 369 2014 hominum
404 1972 715 2025 reformandos,
758 1987 931 2027 cumque
971 1977 1071 2016 ante
1111 1988 1205 2016 eum
1244 1978 1403 2016 statuta
1435 1973 1657 2028 paeniten-

150 2030 278 2074 tialia
323 2030 373 2074 in
418 2031 570 2074 Gallia
616 2032 738 2074 nulla
783 2032 1013 2086 extiterint,
1054 2033 1145 2087 ipse
1183 2033 1355 2087 primus
1399 2048 1450 2076 ea
1495 2033 1654 2087 intulit,

149 2090 403 2134 traditiones
422 2090 639 2134 seniorum
658 2105 832 2134 suorum
852 2097 1030 2135 secutus.
1078 2092 1241 2147 Ayitur
1261 2098 1401 2136 autem
1421 2093 1657 2136 maximam

88 2162 126 2190 oo
141 2154 312 2204 partem
343 2151 395 2193 de
425 2150 678 2194 criminibus
717 2151 984 2206 capitalibus,
1026 2167 1135 2206 quae
1175 2153 1239 2195 vel
1269 2166 1456 2206 poenam
1498 2153 1656 2207 leyibus

148 2214 342 2253 sanctam
373 2210 583 2253 subibant.
648 2211 962 2254 Paenitentiale
995 2211 1246 2255 Columbani
1276 2212 1326 2255 in
1357 2212 1483 2255 binas
1505 2217 1657 2267 partes

149 2268 333 2312 divisum
365 2269 613 2313 clericorum
643 2271 1027 2325 monachorumque
1053 2271 1349 2326 paenitentias
1380 2287 1409 2315 a
1448 2272 1657 2316 laicorum

148 2328 374 2372 distinctas
419 2329 603 2384 exhibet,
657 2344 789 2384 neque
835 2332 975 2374 eodem
1020 2332 1141 2374 modo
1191 2331 1241 2374 in
1286 2336 1461 2386 utroque
1504 2346 1657 2386 yenere

149 2402 341 2432 excessus
371 2389 707 2433 vindicabantur
734 2390 968 2445 graviores,
1001 2395 1152 2445 utputa
1183 2391 1429 2446 homicidia,
1462 2392 1654 2446 vulnera,

87 2461 124 2489 οε
147 2448 359 2503 sodomia,
413 2449 690 2503 adulterium,
754 2449 1008 2505 fornicatio,
1063 2450 1331 2506 periurium,
1384 2451 1653 2505 maleficium,

146 2507 324 2562 furtum,
357 2510 433 2552 sed
461 2508 529 2551 illi
559 2509 809 2553 severiorem
840 2510 1156 2565 paenitentiam
1187 2510 1388 2554 subibant
1427 2525 1555 2566 quam
1595 2511 1653 2553 hi.

146 2566 372 2611 Adulteris
422 2568 599 2612 clericus
644 2583 804 2624 quoque
850 2571 1229 2625 adnumerabatur,
1283 2571 1357 2625 qui
1405 2571 1653 2624 clientelam,

146 2626 178 2669 i.
210 2641 243 2670 e.
276 2641 463 2683 uxorem,
496 2643 625 2683 quam
656 2628 794 2672 laicus
825 2630 1045 2684 habuerat,
1078 2634 1179 2685 post
1210 2630 1523 2674 conversionem
1563 2635 1655 2673 voto

146 2700 222 2730 suo
272 2686 400 2730 irrito
449 2688 565 2741 facto
617 2690 887 2743 cognoscebat
936 2690 1157 2744 filiumque
1208 2704 1260 2733 ex
1310 2705 1361 2733 ea
1409 2690 1651 2745 yiynebatl.

85 2764 123 2791 ιο
154 2745 292 2790 Gulae
331 2751 554 2802 utrumque
594 2748 787 2792 ordinem
827 2764 957 2804 aeque
997 2749 1183 2792 deditum
1223 2750 1360 2802 fuisse
1400 2754 1438 2792 et
1477 2749 1655 2792 clericus

145 2875 287 2918 deqebat
320 2876 361 2910 in
389 2876 531 2913 Galliis.
583 2877 714 2911 Locum
745 2889 824 2912 cum
859 2879 971 2913 codice
995 2879 1237 2913 Londiniensi
1262 2878 1393 2914 Cotton.
1419 2878 1519 2912 Nero
1544 2879 1577 2912 A
1596 2879 1651 2923 II,

147 2923 257 2957 alteri
279 2934 367 2960 saec.
392 2924 498 2961 VIII.
520 2927 630 2968 parti
653 2926 880 2960 attribuendo
904 2928 1049 2961 contulit
1080 2927 1133 2963 W.
1160 2926 1333 2970 Levison;
1368 2926 1414 2969 cf.
1444 2927 1502 2962 ‘N.
1529 2926 1653 2966 Arda]

144 2970 290 3015 XXIX,
312 2983 350 3016 p.
369 2973 449 3009 150.
550 2972 584 3018 1)
616 2973 654 3009 V.
681 2984 796 3017 supra
816 2984 856 3017 p.
876 2976 933 3010 10.
