2008 3302
20 2602 28 2614 .
18 2579 22 2590 α
8 2146 34 2549 -·,·ι,ἐῑῑςιψζιῆηᾶὺ1-ηι·49ῑεῖ
9 2004 36 2128 :w

447 268 619 316 IONAS,
635 269 799 308 VITAE
824 270 1132 308 GOLUMBANI
1157 271 1304 309 LIBRI
1328 272 1382 309 II.
1625 276 1669 311 11

159 406 294 447 neque
338 397 437 436 ante
483 392 795 448 aequinoctium
840 408 974 449 neque
1012 395 1130 438 ultra
1169 395 1317 439 lunam
1357 395 1468 438 XX.
1503 397 1672 450 pascha

161 453 457 497 celebrandum
497 467 596 496 esse.
661 453 896 498 Praeterea
937 454 1209 498 traditionem
1250 469 1372 499 suam
1410 470 1556 510 papae
1587 470 1672 510 per

161 516 247 556 tres
286 516 416 555 tomos
455 517 707 567 exposuerat
745 514 987 568 brevemque
1026 514 1212 557 libellum
1253 516 1398 558 eadem
1439 516 1489 559 de
1529 529 1576 559 re
1613 517 1675 559 ad

159 571 366 627 Ariqium
395 573 518 615 modo
547 572 780 627 scripserat
799 572 1086 628 episcopoin
1107 573 1279 617 illorum
1305 575 1563 632 principem,
1596 575 1671 630 qui

116 646 137 675 ο
155 631 288 687 paulo
339 636 437 675 ante
498 634 634 676 sedem
685 633 1014 687 Isuqdunensem
1068 638 1219 677 nactus
1273 636 1408 678 eratl.
1499 635 1673 702 Calculo

159 691 440 735 LXXXIV
464 691 680 735 annorum
709 692 995 747 Anatolioque
1033 707 1110 736 suo
1141 693 1427 748 pertinaciter
1464 694 1671 738 maiorem

159 751 289 805 fidem
319 751 519 795 attribuit
547 766 675 807 quam
706 752 894 796 Victorio
933 752 1003 795 illi
1042 767 1181 808 nuper
1210 753 1336 797 dubie
1376 754 1577 798 scribenti
1619 759 1670 809 et,

159 810 235 854 ubi
265 825 428 854 necesse
459 815 564 866 erat,
612 811 726 855 nihil
770 812 1006 866 definienti,
1053 813 1260 866 fiduciam
1300 828 1397 857 vero
1438 829 1526 857 non
1566 816 1671 858 adeo

160 884 362 926 maqnam
394 871 593 915 habuisse
623 871 804 927 videtur,
845 876 893 916 ut
922 872 1271 917 adversariorum
1304 873 1473 917 animos
1505 888 1670 918 conver-

100 946 138 974 ιο
161 933 274 984 teret,
322 945 425 985 nam
471 931 776 975 contentionem
815 931 907 975 iam
947 932 1120 975 omnino
1160 933 1319 976 evitare
1358 934 1500 988 voluit,
1543 934 1673 988 idque

161 990 295 1034 solum
310 990 451 1045 petiit,
484 995 533 1034 ut
554 991 649 1046 sibi,
682 991 757 1046 qui
781 991 1045 1036 diversitatis
1065 997 1214 1036 auctor
1234 1007 1321 1037 non
1341 998 1457 1048 esset,
1482 994 1531 1037 in
1551 994 1672 1037 silvis

159 1049 252 1093 illis
281 1050 407 1094 silere
427 1055 467 1094 et
485 1050 624 1094 vivere
645 1051 788 1095 liceret
806 1051 930 1095 iuxta
950 1067 1048 1096 ossa
1073 1055 1124 1094 17
1147 1053 1340 1106 fratrum
1361 1054 1670 1107 defunctorum,

159 1108 270 1154 sicut
299 1124 383 1165 per
418 1114 470 1153 12
512 1125 652 1154 annos
689 1111 847 1155 ibidem
886 1111 1075 1155 vixisset.
1137 1113 1212 1155 Ex
1250 1113 1319 1156 his
1349 1113 1490 1157 verbis
1530 1113 1672 1168 colliqi

161 1168 268 1224 licet,
316 1185 358 1213 a.
391 1174 491 1213 591.
534 1171 692 1225 Vosaqi
731 1172 886 1214 saltum
927 1171 1088 1215 adiisse
1126 1177 1347 1216 veteranos
1379 1187 1594 1227 pauperes
1633 1178 1673 1216 et

46 1252 49 1277 ῑ
98 1246 137 1274 15
154 1229 409 1284 pereqrinos
458 1245 580 1274 senes
628 1230 736 1284 illos,
789 1231 901 1274 sicut
958 1246 1002 1275 se
1052 1246 1230 1286 suosque
1281 1233 1372 1288 ipse
1423 1233 1671 1289 appellavit.

161 1289 375 1341 Metuens,
407 1304 461 1333 ne
481 1290 531 1333 in
551 1304 633 1334 sua
654 1290 856 1346 opinione
867 1297 1191 1345 perseverantes
1213 1292 1345 1335 Scotti
1365 1293 1673 1346 expellerentur

161 1362 214 1392 ex
243 1350 405 1393 deserto
434 1349 521 1404 illo,
558 1354 782 1404 utramque
813 1350 1088 1394 traditionem
1120 1353 1274 1395 bonam
1305 1366 1393 1395 esse
1425 1366 1550 1407 posse
1580 1352 1671 1395 iam

161 1421 249 1452 non
279 1409 452 1452 omnino
465 1409 707 1476 deneqavit
736 1409 914 1464 totisque
953 1410 1119 1454 viribus
1155 1411 1424 1455 conventioni
1455 1412 1672 1468 pacificae

160 1467 342 1512 institit:
381 1467 525 1512 ‘unius
555 1469 669 1512 enim
699 1483 844 1512 sumus
875 1470 1065 1524 corporis
1094 1473 1384 1526 commembra,
1426 1471 1512 1515 sive
1550 1471 1673 1515 Galli

7 1548 12 1575 .
34 1566 38 1567 ⁷
100 1547 139 1575 ιο
161 1527 250 1572 sive
269 1527 486 1572 Britanni
515 1529 603 1572 sive
623 1529 750 1572 Iberi
779 1529 868 1573 sive
892 1544 1080 1585 quaeque
1108 1531 1278 1585 qentes'.
1330 1532 1534 1574 Attamen
1560 1531 1671 1574 iudi-

162 1587 280 1632 cibus
309 1589 402 1632 suis
439 1589 773 1656 haudquaquam
804 1590 1008 1645 pepercit.
1076 1591 1262 1634 Tantam
1301 1591 1499 1635 ecclesiae
1537 1591 1671 1635 Galli·

161 1661 298 1692 canae
327 1648 638 1716 corruptionem
669 1649 1013 1705 deprehenderat,
1050 1654 1097 1693 ut
1126 1650 1216 1705 ipse
1246 1655 1472 1706 exoptaret
1513 1656 1561 1694 ut
1590 1651 1671 1706 epi·

161 1707 281 1764 scopi
319 1708 491 1763 saepius
531 1709 814 1764 convenirent,
856 1714 903 1752 ut
942 1711 1203 1765 neqleqentes
1242 1711 1433 1754 timorem
1469 1712 1673 1755 haberent

161 1767 421 1823 studiosique
449 1768 750 1812 incitarentur.
802 1744 897 1813 ’Deo
927 1775 1067 1813 autem
1094 1771 1265 1825 qratias
1295 1771 1389 1826 eqit,
1422 1775 1470 1814 ut
1498 1772 1564 1814 vel
1590 1785 1671 1815 sua

101 1845 138 1873 ιο
162 1842 294 1871 eausa
315 1829 502 1883 synodus
522 1829 670 1882 effecta
691 1834 806 1884 esset,
840 1829 919 1873 etsi
949 1845 1036 1873 non
1058 1834 1146 1873 tam
1173 1832 1223 1874 de
1246 1831 1472 1885 paschatis
1491 1831 1669 1886 neqotio,

161 1889 275 1942 quod
310 1887 402 1931 iam
442 1888 519 1931 diu
550 1889 799 1932 ventilatum
830 1894 936 1933 esset
965 1890 1121 1944 diuque
1152 1906 1181 1934 a
1212 1891 1395 1934 diversis
1426 1891 1672 1934 auctoribus

161 1946 408 2002 iudicatum,
445 1949 629 1992 tractari
658 1949 792 1992 voluit
820 1964 950 2004 quam
979 1951 1030 1993 de
1061 1950 1279 1994 universis
1309 1951 1672 1994 observationibus

161 2007 394 2062 canonicis,
427 2023 456 2051 a
486 2009 643 2063 multis,
676 2011 789 2063 quod
814 2010 994 2064 qravius
1025 2015 1141 2065 esset,
1174 2010 1433 2065 depravatis.

306 2079 505 2135 Synodus
549 2080 704 2124 iterum
749 2081 1001 2124 sententiam
1048 2082 1161 2125 dixit
1206 2082 1362 2126 Scottis
1407 2082 1670 2125 contrariam

101 2161 137 2189 ω
159 2137 394 2194 iterumque
420 2139 718 2189 ,Columbanus
757 2142 817 2183 ad
854 2143 992 2184 sedem
1028 2142 1302 2195 apostolicam
1332 2143 1548 2196 amoellare
1578 2157 1670 2185 con·

161 2198 310 2253 stituit,
353 2201 428 2242 sed
459 2198 740 2243 ‘tumultuosis
774 2200 964 2255 qentium
1003 2201 1349 2245 interiacentium
1379 2201 1670 2245 seditionibus’

163 2258 452 2313 *aliquamdiu
497 2259 724 2313 impeditus
770 2265 841 2303 est.
914 2261 974 2303 In
1020 2261 1160 2304 Italia
1206 2262 1319 2304 enim
1365 2261 1671 2316 Lanqobardis
1695 2278 1711 2295 ³

160 2318 352 2361 Romani
383 2319 534 2362 bellum
573 2319 808 2373 inferentes
847 2320 999 2364 devicti
1038 2325 1149 2375 sunt,
1191 2321 1406 2376 hostesque
1445 2336 1537 2365 una
1577 2336 1670 2365 cum

162 2378 331 2422 Sclavis
367 2378 459 2422 iam
499 2380 560 2422 ad
597 2379 856 2423 obsidionem
891 2380 1012 2424 urbi-s
1042 2381 1206 2424 Romae
1236 2386 1534 2436 perrexerant,
1576 2396 1670 2425 cum

99 2459 136 2486 35
168 2437 403 2493 Greqorius
439 2453 562 2494 papa
608 2453 833 2483 occurrens
869 2440 1069 2495 precibus
1108 2455 1177 2484 eos
1219 2441 1388 2496 amovit,
1437 2441 1670 2496 tributoque

159 2497 356 2553 imposito
400 2500 692 2542 abscesserunt
705 2501 732 2542 2.
811 2500 912 2543 Pax
958 2516 999 2544 a.
1039 2505 1139 2555 603,
1191 2516 1332 2545 mense
1379 2502 1504 2556 Nov„
1558 2501 1671 2545 inter

159 2561 383 2612 utramque
409 2563 585 2614 partem
615 2559 735 2612 facta
766 2564 837 2614 est,
871 2562 921 2603 de
952 2574 1039 2614 qua
1069 2560 1268 2616 Aqilulfo
1297 2561 1390 2616 reqi
1422 2576 1545 2616 papa
1573 2576 1670 2616 qra-

160 2616 246 2660 tias
275 2618 437 2661 rettulit
447 2619 476 2661 3.
539 2619 725 2663 Interim
763 2621 888 2663 semel
919 2624 958 2663 et
988 2620 1053 2664 bis
1089 2621 1305 2664 tabellarii
1345 2636 1374 2663 a
1412 2621 1670 2665 Columbano

162 2758 199 2804 1)
233 2758 323 2793 Noli
345 2760 517 2804 Ariqium
542 2763 741 2805 episcopum
766 2761 1052 2805 [metanensem
1084 2763 1133 2796 ad
1157 2764 1261 2797 cuius
1283 2763 1492 2797 decessorem
1526 2774 1560 2798 a.
1587 2764 1670 2806 602,

98 2818 137 2845 40
159 2817 206 2842 m.
231 2806 331 2850 Noa,
367 2807 567 2852 Greqorius
593 2819 696 2854 papa
730 2810 872 2844 litteras
903 2810 1049 2844 dederat
1073 2809 1208 2854 (Jaffe',
1244 2811 1330 2854 Ray.
1356 2809 1556 2853 n.1872·²),
1591 2820 1669 2844 cum

166 2855 382 2899 Vapincensi
414 2856 655 2901 confundere;
691 2858 738 2899 cf.
773 2857 908 2901 Hertel,
950 2858 1134 2894 ‘Zeitschr.
1172 2859 1242 2901 fi'tr
1277 2858 1568 2902 Kirchenqesch!
1594 2859 1669 2901 III,

154 2913 195 2947 p.
214 2904 284 2939 145
295 2914 392 2948 sqq.,·
416 2904 476 2940 (Ν.
502 2904 628 2940 ΑνοῘι.’
651 2905 721 2949 IX,
742 2917 782 2950 p.
803 2907 882 2942 146.
973 2905 1010 2951 2)
1040 2906 1180 2942 Contin.
1208 2907 1380 2950 Prospera·
1402 2906 1537 2950 Ham,
1563 2907 1668 2943 Auct.

161 2952 271 2995 antiq.
294 2951 364 2995 IX,
384 2963 424 2996 p.
443 2953 535 2992 339;
563 2952 713 2996 Paulus,
741 2953 837 2990 Hist.
862 2953 1025 2997 Lanyob.
1048 2954 1117 2997 IV,
1136 2955 1194 2989 28.
1292 2955 1330 2998 3)
1358 2953 1465 2997 Jaffe'
1485 2965 1521 2990 n.
1542 2956 1635 2991 1925
1644 2954 1668 2991 ².
