2008 3302
380 252 449 287 306
699 247 867 293 IONAS,
887 247 1015 283 VITA
1035 246 1287 283 VEDASTIS
1312 246 1554 284 EPISOOPL

379 386 501 414 suum
529 369 723 426 yentibus
755 369 986 412 timendum
1016 368 1244 423 demiserit,
1275 383 1365 412 rem
1396 369 1593 412 ecclesiae
1623 368 1880 414 Gallicanae

379 445 510 485 neque
549 429 681 472 unius
720 429 906 473 civitatis
943 433 1042 472 tunc
1073 433 1212 472 actam
1242 443 1330 471 esse
1360 428 1636 481 manifestum
1666 433 1728 472 est
1756 433 1880 484 atque

378 490 448 532 ius
478 489 661 544 episcopi
692 488 772 532 loci
802 488 997 532 illaesum
1028 503 1201 531 manere
1232 488 1413 542 debebat,
1446 502 1519 531 seu
1544 487 1784 532 Turonensi
1806 502 1880 532 seu

379 549 581 592 Remensi
611 563 685 591 seu
715 548 830 592 alius
861 548 1045 591 civi-tatis
1070 547 1315 603 baptisterio
1346 549 1586 591 utebantur.
1644 547 1881 603 Greyorius

378 622 531 652 nomen
576 608 657 651 loci
701 608 875 651 omnino
916 607 1265 664 praetermittens
1311 607 1608 661 difficultatem
1652 607 1880 661 manifesto

379 668 561 711 evitavit.
632 669 752 723 Quod
781 668 821 711 si
851 669 1044 711 Turonos
1074 667 1375 722 anteposueris,
1418 666 1633 710 silentium
1665 666 1757 711 eius
1787 681 1880 711 con·

379 729 606 771 tenderunt
624 727 832 783 eoeplicari
853 742 940 771 non
956 742 1082 782 posse
1091 742 1108 781 ,·
1138 728 1213 770 sed
1231 727 1272 770 si
1291 727 1458 781 Remos,
1491 725 1623 770 altum
1642 725 1883 770 vetustioris

380 787 608 844 bioyraphi
624 787 812 842 Remiyii
832 787 1048 830 silentium
1069 787 1210 830 eodem
1229 787 1350 829 modo
1369 786 1671 842 ineoeplicabile
1691 790 1763 841 est,
1785 790 1825 830 et
1843 785 1884 829 si

380 862 421 890 a.
441 852 541 890 496.
561 848 815 904 baptismum
836 846 1095 901 attribueris,
1118 846 1200 889 iter
1215 845 1493 890 Chlodovechi
1509 845 1744 902 Greqorius
1756 859 1883 900 prae-

380 907 609 950 termisisse
625 907 891 951 convincitur
907 908 967 950 ad
979 907 1136 960 urbem,
1161 906 1230 949 cui
1250 906 1342 962 ipse
1355 910 1506 961 postea
1517 909 1736 961 praeerat.
1767 905 1884 949 Eam

379 971 519 1010 autem
550 981 678 1021 quam
709 969 758 1010 de
790 966 994 1020 baptismo
1025 965 1251 1009 enarravit
1273 965 1498 1009 historiam
1523 980 1616 1008 cum
1641 965 1885 1010 auctoribus

380 1026 631 1081 aequalibus
671 1030 962 1082 comparatam
1004 1025 1165 1080 apertis
1205 1025 1422 1068 erroribus
1463 1026 1660 1069 laborare
1698 1023 1885 1068 vidimus

380 1100 513 1140 neque
544 1086 731 1130 auctoris
755 1087 863 1140 fides
889 1085 1057 1129 servari
1079 1089 1251 1140 poterat
1269 1085 1358 1127 nisi
1378 1084 1603 1140 inqeniosa
1630 1085 1683 1129 G.
1707 1084 1856 1128 Kurtlt
1869 1085 1885 1111 ¹

381 1145 633 1200 coniectura,
667 1146 824 1189 scilicet
847 1145 986 1200 ipsum
1009 1160 1102 1188 cum
1123 1144 1216 1188 alia
1237 1149 1324 1187 tum
1344 1146 1447 1188 haec
1469 1146 1529 1188 ad
1554 1144 1885 1189 Chlodovechum

378 1206 616 1259 spectantia
646 1220 698 1249 ex
728 1206 829 1249 Vita
854 1203 1044 1260 Remiyii
1068 1205 1197 1248 multo
1228 1204 1434 1260 ampliore
1465 1218 1593 1259 quam
1623 1218 1732 1259 quae
1761 1203 1886 1248 hodie

379 1269 495 1308 extat
524 1265 839 1320 deprompsisse.
893 1266 968 1307 Ita
996 1264 1204 1319 Greyorio
1229 1279 1304 1307 suo
1334 1265 1529 1317 fabuloso
1559 1264 1886 1318 fundamentum

372 1325 571 1379 paravit,
620 1340 700 1380 quo
746 1325 967 1368 enarratio
1019 1324 1139 1367 illius
1189 1325 1271 1367 hac
1321 1324 1369 1366 in
1412 1328 1552 1383 parte.
1594 1327 1693 1368 ante
1742 1322 1885 1381 ipsum

382 1385 563 1428 carebat.
624 1385 765 1439 Atque
795 1386 908 1428 hanc
938 1384 1221 1428 coniecturam
1261 1388 1348 1426 tam
1383 1383 1666 1438 pertinaciter
1695 1383 1884 1437 retinuit,

381 1444 694 1498 obloquentibus
735 1444 927 1488 omnibus
967 1444 1032 1487 rei
1073 1443 1230 1499 peritis
1243 1445 1270 1498 ²,
1318 1448 1365 1486 ut
1402 1443 1533 1497 facile
1574 1443 1786 1487 intellectu
1815 1442 1883 1497 sit,

381 1517 510 1558 quam
541 1505 765 1558 desperata
795 1518 864 1547 res
894 1503 1030 1558 ipsius
1061 1507 1175 1557 esset,
1207 1503 1248 1546 si
1278 1518 1373 1546 eam
1404 1503 1662 1546 dimissurus
1691 1503 1815 1559 foret.

528 1577 738 1619 Standum
770 1576 905 1630 iyitur
936 1580 995 1618 est
1025 1575 1075 1618 in
1104 1576 1206 1618 urbe
1233 1574 1475 1618 Turonensi
1496 1579 1620 1630 atque
1649 1574 1700 1618 in
1722 1573 1886 1618 Nicetii

381 1636 644 1690 auctoritate,
697 1650 778 1690 quo
829 1635 1030 1678 vetustior
1075 1637 1124 1678 de
1171 1634 1371 1689 baptismi
1417 1635 1503 1678 loco
1550 1638 1698 1678 auctor
1743 1634 1886 1678 nullus

382 1694 605 1749 reperitur,
647 1696 800 1749 quique
830 1695 907 1738 hoc
946 1694 1083 1749 ipsius
1114 1694 1397 1737 testimonium
1428 1693 1690 1749 argumentis
1719 1693 1886 1749 quibus-

384 1754 482 1797 libet
512 1755 722 1809 abroyare
751 1755 836 1798 sibi
866 1754 1075 1808 videntur,
1108 1753 1166 1796 iis
1190 1755 1423 1808 praeclara
1453 1753 1541 1797 viri
1571 1767 1715 1797 rerum
1742 1754 1886 1798 Mero-

381 1813 666 1868 winyicarum
696 1829 826 1869 usque
850 1815 910 1857 ad
938 1818 1128 1857 nostrum
1155 1828 1303 1856 aevum
1326 1813 1599 1857 scientissimi
1628 1814 1758 1858 verba
1787 1817 1887 1858 ante

384 1875 522 1916 oculos
534 1888 696 1928 ponere
718 1874 817 1917 libet
835 1874 938 1917 haec
951 1875 983 1917 3:
1003 1875 1230 1929 Equidem
1256 1875 1332 1916 vix
1359 1874 1633 1916 crediderim
1649 1873 1886 1918 Nicetium

384 1935 618 1977 hominem
657 1937 818 1978 tantae
859 1935 1136 1991 prudentiae
1178 1947 1230 1976 ac
1272 1934 1528 1989 dignitatis,
1571 1934 1650 1989 qui
1690 1932 1886 1989 chlodo-

383 2008 519 2036 veum
550 1994 707 2037 videre
739 2009 854 2050 puer
885 1995 1052 2050 potuit,
1088 1997 1134 2036 et
1165 1994 1248 2036 ubi
1280 1994 1541 2050 baptizatus
1571 1993 1739 2037 fuisset
1770 1993 1886 2036 scire

382 2068 475 2096 non
509 2054 658 2096 solum
691 2055 868 2105 debuit,
902 2055 982 2097 sed
1015 2054 1156 2096 etiam
1183 2054 1337 2096 videre
1362 2053 1524 2105 voluit,
1558 2067 1664 2096 cum
1690 2052 1886 2096 0111οᾶ0-

384 2195 419 2238 1)
447 2194 489 2229 G.
508 2194 636 2228 Kurth
662 2196 684 2230 l.
711 2196 734 2231 l.
761 2195 815 2239 II,
836 2206 877 2238 p.
896 2196 965 2230 236
978 2195 1000 2230 ².
1092 2195 1129 2239 2)
1158 2195 1233 2228 Eos
1257 2204 1467 2229 enumerare
1492 2194 1635 2238 longum
1658 2198 1719 2230 est.
1761 2193 1886 2228 Etiam

389 2243 429 2277 V.
455 2241 617 2276 Severini
640 2244 877 2284 Acaunensis‚
910 2253 1019 2287 quam
1053 2253 1126 2277 non
1149 2243 1264 2276 solum
1289 2242 1534 2276 Bollandiani
1564 2246 1598 2276 et
1621 2241 1666 2278 A.
1693 2241 1788 2285 Giry
1820 2242 1884 2285 (cf.

383 2290 460 2325 Ser.
478 2301 550 2325 rer.
569 2290 701 2326 Merov.
715 2291 790 2334 ΙΙΙ,
803 2302 842 2334 p.
859 2292 946 2330 685)
964 2301 1095 2324 mecum
1112 2291 1413 2334 improbaverant,
1431 2290 1491 2324 sed
1506 2291 1614 2324 etiam
1630 2289 1673 2325 L.
1691 2289 1886 2333 Duchesne,

384 2336 531 2371 ‘Fastes’
550 2338 606 2382 II,
640 2349 679 2381 p.
695 2340 778 2381 479,
812 2340 852 2371 in
886 2339 1036 2372 dubium
1067 2342 1251 2372 vocaverat
1276 2343 1381 2382 atque
1407 2338 1443 2373 C.
1462 2337 1619 2382 Narbey,
1647 2337 1887 2382 ‘Supple'ment

382 2395 461 2418 auoe
478 2385 730 2420 Bollandistes’
742 2387 773 2429 I,
785 2397 825 2429 p.
839 2386 945 2428 VIII,
963 2386 1015 2428 H,
1028 2397 1066 2429 p.
1083 2388 1115 2429 1,
1134 2387 1192 2420 vir
1208 2397 1332 2420 rerum
1348 2396 1524 2420 novarum
1539 2396 1626 2419 sane
1641 2385 1782 2419 alienus
1791 2395 1886 2430 pure

383 2432 503 2475 fictam
534 2434 838 2474 condemnaverat,
873 2434 963 2467 idem
998 2435 1056 2467 vir
1079 2435 1335 2476 sagacissimus
1362 2433 1406 2469 G.
1424 2433 1549 2467 Kurth
1574 2433 1597 2468 l.
1623 2433 1646 2469 l.
1673 2432 1726 2475 II,
1745 2443 1784 2477 p.
1803 2434 1885 2476 267,

382 2480 570 2522 defendere
594 2492 706 2515 ausus
723 2486 783 2525 est,
802 2481 971 2524 fraudem
987 2482 1258 2516 obstinatissime
1273 2492 1418 2525 neyans.
1456 2480 1516 2514 Ea
1532 2491 1622 2525 quae
1638 2481 1679 2514 de
1694 2482 1887 2515 recentiore

390 2528 429 2563 V.
456 2529 649 2571 Genovefae
674 2531 813 2573 oriqine
837 2530 923 2563 olim
947 2533 1164 2562 concesserat
1188 2531 1313 2563 omnia
1345 2531 1420 2563 iam
1443 2530 1625 2570 revocavit,
1659 2529 1806 2570 fortiter
1828 2539 1886 2563 re-

384 2580 544 2609 trorsum
578 2577 717 2610 rediens
750 2577 965 2611 animalium
998 2577 1226 2620 quorundam
1259 2577 1424 2621 exempla
1477 2576 1578 2618 Quod
1607 2577 1748 2619 famam
1771 2587 1885 2611 meam

383 2625 489 2667 yravi
514 2624 707 2668 opprobrio
735 2625 802 2658 hac
827 2626 1006 2658 occasione
1040 2625 1241 2668 temptabat,
1277 2626 1384 2669 quasi
1406 2628 1619 2668 argumenta
1643 2625 1800 2659 auctoris
1824 2623 1883 2659 ob·
1974 2615 1983 2634 ⁸

382 2671 493 2715 soleti,
518 2683 618 2715 quem
643 2682 696 2706 me
720 2683 793 2707 non
817 2674 1013 2716 ignorasse,
1041 2673 1103 2706 sed
1126 2673 1287 2706 consulto
1307 2673 1539 2717 praeteriisse
1561 2673 1778 2717 scripseram
1801 2671 1883 2715 (SS.

383 2729 456 2754 rer.
483 2720 615 2755 Merov.
642 2720 717 2764 ΙΙΙ,
746 2722 846 2764 686),
883 2720 1008 2753 ‘tacite’
1034 2721 1238 2763 depromere
1271 2720 1483 2764 dediqnatus
1516 2730 1588 2754 non
1611 2730 1734 2762 εδεοηι,
1764 2721 1885 2754 virum

385 2767 548 2810 alioquin
571 2778 644 2802 non
670 2768 922 2811 inhumanum,
957 2767 1105 2812 reliquis
1129 2768 1301 2801 subsidiis
1324 2767 1574 2810 deficientibus,
1609 2768 1659 2802 ad
1681 2767 1885 2802 calumnias

384 2816 584 2858 confuyisse
617 2819 772 2850 statuere
805 2816 928 2858 nolim,
964 2816 1025 2849 sed
1056 2816 1098 2850 de
1133 2817 1251 2850 tacitis
1285 2816 1458 2850 eiusmodi
1489 2816 1621 2850 studiis
1653 2815 1885 2850 adversarius

383 2873 481 2896 meus
513 2874 648 2907 parum
683 2866 813 2898 tacitus
846 2865 950 2897 tacite
983 2864 1123 2907 quidem
1148 2874 1219 2897 non
1243 2863 1336 2897 idem
1366 2864 1496 2898 sentire
1519 2863 1659 2897 videtur
1682 2867 1788 2907 atque
1811 2873 1884 2907 eqo.
1954 2887 1958 2891 -
1997 2911 2000 2920 ι

384 2910 420 2954 3)
449 2910 621 2956 Valesius,
650 2912 719 2946 Res
742 2912 939 2946 Francicae
965 2911 996 2954 Ι,
1019 2922 1058 2955 p.
1076 2912 1159 2947 262.
