2008 3302
383 292 455 327 304
512 320 515 323 Α
703 283 871 328 IONAS,
888 282 1018 319 VITA
1035 280 1291 318 VEDASTIS
1313 278 1558 316 EPISCOPI.

385 410 628 467 opinionem
668 407 725 450 F.
757 407 932 450 Jubaru
975 418 1110 458 nuper
1155 401 1388 446 renovavit.
1458 400 1526 444 Hi
1569 400 1705 455 iyitur
1747 413 1887 457 reqem

385 469 607 513 basilicam
640 467 685 511 S.
703 464 898 509 Martini
919 465 1205 507 Turonensem
1231 477 1271 505 a.
1292 465 1392 503 508.
1415 460 1575 504 adiisse
1602 474 1691 503 non
1715 463 1885 515 negant,

386 528 638 583 baptismum
667 540 765 569 vero
789 525 1047 569 contendunt
1070 538 1111 566 a.
1136 527 1236 565 496.
1269 520 1418 564 Remis
1441 520 1726 574 praecessisse
1755 532 1888 574 neque

385 589 647 631 subsecutum
678 599 777 639 esse,
819 584 883 627 ita
921 587 970 626 ut
1000 587 1127 626 totam
1158 595 1304 625 rerum
1334 584 1538 623 naturam
1570 579 1767 622 Nicetius
1795 579 1887 622 sub·

385 647 586 691 vertisset.
650 644 799 688 Huius
836 641 1178 698 perturbationis
1223 654 1398 684 causam
1438 640 1494 682 F.
1526 639 1703 683 Jubaru
1747 637 1891 682 attulit
1911 652 1947 679 ⁶-
1980 642 2006 658 ²⁶

386 707 494 751 satis
537 705 737 758 alienam,
785 703 945 747 scilicet
988 700 1268 745 reverentiam
1312 700 1356 744 S.
1390 698 1591 742 Martino
1627 697 1890 755 praestitam

386 765 609 820 efficacius
640 769 790 808 contra
814 762 1010 805 Arianos
1040 764 1334 816 aryumentum
1365 758 1502 812 fuisse
1533 758 1748 814 baptismo,
1779 757 1889 801 ideo-

387 841 465 881 que
506 826 627 868 illam
658 828 756 868 ante
786 823 900 866 hunc
930 837 958 865 a
991 820 1160 864 Nicetio
1190 820 1300 863 male
1332 819 1577 863 collocatam
1606 831 1705 861 esse.
1767 816 1890 860 Mihi
1972 831 1975 854 s
2002 859 2005 870 ‚

389 890 528 929 autem
573 884 662 940 ipsi
714 882 920 937 baptismo
965 895 1172 924 summam
1218 880 1305 922 vim
1351 894 1380 921 a
1426 877 1596 921 Nicetio
1641 876 1890 920 attributam
2000 922 2004 929 ,

387 946 554 988 videtur
574 958 673 998 esse,
696 956 873 997 quocum
893 941 1127 995 triumphos
1143 941 1193 982 de
1209 937 1435 982 haereticis
1451 941 1588 992 yestos
1607 935 1888 991 coniunxerit,
1915 933 2002 979 10⁶⁷}

389 1010 513 1059 atque
543 1004 661 1047 nullo
692 1003 812 1045 modo
848 1001 1112 1055 persuadere
1151 998 1259 1041 mihi
1290 1012 1467 1052 possum
1506 997 1687 1040 alteram
1716 1010 1806 1040 rem
1836 996 1890 1040 ab
1968 1037 1970 1042 ,
1995 999 1999 1054 γ’

387 1066 526 1107 altera
555 1062 754 1118 separari
786 1060 922 1114 licere,
954 1073 1138 1114 quarum
1166 1059 1303 1101 altera
1330 1058 1512 1100 alteram
1533 1059 1889 1111 praeparaverat,
1994 1057 1997 1071 ⁴

390 1125 537 1178 Neque
577 1138 628 1166 ea
668 1136 775 1176 quae
812 1124 1041 1175 praeterea
1079 1119 1130 1161 in
1172 1119 1216 1162 S.
1258 1116 1454 1161 Martini
1494 1115 1718 1160 basilicam
1762 1115 1891 1158 Turo—

388 1198 559 1227 nensem
598 1182 711 1225 idem
750 1180 819 1223 vir
850 1181 992 1223 doctus
1039 1178 1181 1222 attulit
1226 1178 1464 1232 approbare
1500 1190 1688 1231 possum,
1735 1174 1895 1219 scilicet
1976 1230 1977 1235 ¹

390 1242 679 1298 baptisterium
710 1240 796 1295 ipsi
834 1255 863 1283 a
901 1238 1108 1293 Greyorio
1139 1238 1304 1280 demum
1335 1236 1529 1280 additum
1558 1249 1647 1279 esse
1675 1248 1893 1290 reyemque
1916 1251 1931 1277 ι

321 1335 323 1337 .
389 1303 451 1346 ibi
482 1302 742 1356 baptizatum
773 1314 860 1343 esse
890 1313 978 1342 non
1000 1312 1138 1352 posse,
1171 1297 1273 1352 quia
1306 1297 1398 1340 eius
1428 1310 1529 1340 aevo
1557 1309 1646 1339 non
1675 1293 1890 1349 extitisset,

390 1363 439 1405 id
477 1363 588 1417 quod
627 1365 774 1413 auctor
804 1358 1030 1402 Historiae
1061 1358 1334 1400 Francorum
1374 1370 1461 1399 non
1490 1355 1743 1411 iynorasset.
1802 1353 1892 1398 Ba-

389 1422 557 1466 silicam
577 1421 691 1464 enim
716 1420 901 1463 absolute
922 1417 1111 1473 positam
1131 1418 1191 1460 ad
1212 1414 1256 1458 S.
1280 1415 1476 1459 Martini
1495 1416 1614 1470 apud
1637 1413 1894 1469 Greqorium
1971 1448 1973 1450 .

390 1496 552 1536 semper
581 1480 853 1533 referendam
894 1492 981 1520 esse
1011 1477 1084 1520 ille
1115 1475 1386 1519 existimavit.
1455 1476 1577 1530 Quod
1604 1478 1651 1517 ut
1679 1474 1745 1518 ita
1774 1477 1891 1528 esset,
1993 1477 1996 1486 '

391 1547 532 1584 tamen
577 1539 812 1594 Greyorius
865 1538 958 1593 ipse
1006 1550 1103 1579 mox
1153 1538 1202 1579 de
1253 1535 1338 1578 ‘illo
1378 1535 1576 1590 priore
1632 1530 1890 1588 baptisterio'
1923 1554 1926 1555 ⁷
1950 1530 1960 1587 j

391 1602 550 1644 locutus
609 1599 697 1643 est1
758 1602 881 1652 atque
944 1595 1005 1639 ‘in
1071 1595 1316 1651 baptisterio
1375 1596 1435 1638 ad
1494 1593 1730 1638 basilicam'
1790 1592 1892 1636 Per·
1952 1630 1955 1633 e

382 1665 538 1715 petuus
612 1659 831 1715 episcopus
902 1655 1165 1699 Turonensis
1233 1655 1322 1698 iam
1391 1654 1557 1698 saeculo
1617 1653 1666 1697 V.
1717 1651 1894 1708 viyilias
1944 1707 1950 1712 Ἴ

390 1722 530 1763 eodem
571 1723 668 1762 teste
707 1718 988 1761 celebraverat
999 1717 1028 1758 ².
1107 1714 1217 1759 Cave
1255 1729 1365 1769 vero,
1407 1729 1460 1757 ne
1491 1711 1782 1770 propositioni
1824 1710 1895 1755 illi

391 1780 572 1822 nimiam
617 1779 744 1832 fidem
783 1776 962 1829 tribuas,
1010 1790 1113 1818 nam
1159 1774 1382 1818 basilicam
1426 1773 1549 1817 illam
1587 1777 1764 1827 utroque
1954 1803 1959 1813 -
1989 1808 1991 1817 Α

391 1839 596 1882 maiorem
635 1851 767 1892 neque
800 1837 843 1879 S.
876 1835 1071 1878 Martini
1110 1834 1297 1889 intelleyi
1336 1835 1426 1877 vult
1462 1833 1532 1876 vir
1562 1833 1718 1876 harwm
1748 1844 1894 1875 rerum
1990 1840 1991 1849 ¹

384 1898 674 1953 peritissimus
687 1898 715 1938 3.
792 1895 1109 1951 Baptisterium
1159 1894 1199 1936 si
1249 1893 1376 1936 alteri
1427 1892 1624 1936 ecclesiae
1669 1891 1904 1945 admeris„
1923 1886 1946 1917 ν’

392 1958 518 2002 alteri
548 1958 660 2001 idem
691 1955 920 1999 attribuere
951 1968 1115 1997 necesse
1140 1958 1200 1997 est
1230 1958 1354 2008 atque
1383 1967 1471 1996 non
1500 1953 1678 1995 multum
1706 1951 1928 2004 interestjt
1954 1950 1955 2006 j
1991 1962 1994 1986 1

391 2023 533 2061 utrum
557 2018 601 2061 S.
625 2015 821 2060 Martini
843 2030 902 2058 an
928 2014 1063 2057 aliam
1093 2013 1214 2057 urbis
1240 2012 1504 2056 Turonensis
1533 2011 1751 2056 ecclesiam
1781 2014 1895 2054 ante*
1946 2007 1955 2042 ἶ
1993 2005 1997 2068 ξ

385 2078 595 2132 posueris.
666 2076 783 2120 Certe
816 2076 1010 2118 Turonos
1051 2072 1104 2115 F.
1136 2074 1311 2117 Jubaru
1352 2072 1485 2116 levius
1524 2071 1750 2115 exclusisse
1786 2068 1895 2113 milei
1944 2075 1946 2077 '

392 2138 559 2181 videtur
589 2151 717 2191 quam
743 2149 832 2191 par
862 2138 966 2187 erat,
1002 2138 1049 2176 ut
1078 2135 1224 2176 urbem
1254 2133 1504 2176 Remensem
1534 2131 1811 2184 substitueret,
1841 2142 1898 2173 ew
1947 2173 1949 2175 ,

393 2212 479 2252 qua
504 2198 682 2240 salutem
710 2194 994 2239 christianam
1015 2193 1207 2236 Francis
1228 2196 1418 2236 exortam
1438 2206 1526 2235 esse
1546 2190 1718 2234 omnino
1738 2193 1915 2234 certum
1953 2190 1955 2194 ⁴
1988 2213 1993 2230 ι

394 2257 559 2310 habuit,
607 2270 738 2310 neque
781 2254 832 2297 in
878 2252 1132 2296 adhibendis
1175 2252 1367 2305 fontibus
1410 2250 1572 2294 iudicio
1594 2252 1597 2254 “
1617 2249 1725 2294 satis
1768 2250 1913 2304 fimo<
1946 2271 1947 2274 ¹
1985 2252 1987 2255 ’

394 2330 556 2370 semper
585 2330 687 2358 usus
707 2319 779 2369 est,
802 2318 841 2357 et
861 2313 1053 2357 chartam
1075 2312 1298 2356 Ludowici
1319 2311 1396 2355 Pii
1415 2315 1650 2366 suspectam
1669 2309 1898 2353 admittens
1950 2307 1951 2310 ’

395 2381 434 2419 et
463 2375 766 2419 Hincmarum.
1937 2386 1974 2418 ,f

538 2435 614 2478 Ad
658 2433 803 2477 domni
849 2433 1045 2476 Martini
1090 2431 1246 2475 limina
1299 2430 1614 2475 Chlodovechus
1661 2443 1750 2472 non
1798 2431 1913 2472 ante*
1935 2451 1955 2468 ·.

397 2494 546 2539 cecidit
585 2498 624 2537 et
661 2508 704 2536 se
745 2493 1052 2548 baptizandum
1092 2491 1270 2545 curavit,
1311 2505 1438 2546 quam
1476 2491 1664 2544 probata
1694 2487 1895 2544 coynovit,
1931 2499 1938 2505 ⁴·
1955 2515 1967 2530 ,κ

397 2559 560 2609 quanta
589 2554 640 2596 in
672 2552 972 2596 catholicorum
1002 2551 1188 2595 ecclesiis
1214 2550 1429 2594 miracula
1459 2551 1610 2603 fierent
1639 2562 1773 2604 neque
1799 2560 1903 2591 vero
1948 2549 1966 2602 j'

396 2615 446 2657 in
467 2614 749 2666 Arianorum,
777 2613 890 2654 unde
912 2611 1047 2655 conici
1079 2611 1184 2664 licet,
1216 2610 1330 2653 inter
1359 2614 1582 2664 utramque
1611 2610 1740 2662 sidem
1759 2606 1899 2662 ipsum
1936 2607 1937 2610 ’
1963 2625 1973 2635 ·«

398 2673 641 2727 haesitasse,
674 2677 798 2726 atque
823 2671 1131 2714 haereticorum
1156 2669 1343 2725 doymati
1363 2668 1683 2712 Lantechildem
1712 2678 1910 2711 sororemv
1932 2682 1947 2714 .·

397 2734 534 2788 ipsius
565 2732 750 2776 deditam
780 2730 915 2784 fuisse
946 2734 1108 2774 constat
1119 2730 1149 2772 4.
1214 2729 1499 2773 Schismatum
1533 2731 1756 2772 sectatores
1784 2724 1908 2785 reqis

400 2857 435 2903 1)
457 2857 575 2901 arey,
595 2856 642 2892 H.
659 2855 725 2892 Fr.
743 2855 791 2898 X,
810 2856 855 2891 31
873 2853 955 2898 (ss,
972 2864 1045 2890 rer.
1062 2853 1194 2889 Meron.
1212 2853 1245 2896 I,
1265 2865 1304 2898 p.
1321 2854 1405 2896 449,
1418 2853 1470 2894 2).
1549 2852 1587 2896 2)
1611 2850 1667 2887 a.
1686 2861 1726 2896 p.
1743 2827 1922 2892 445,2u.s
1986 2838 1989 2845 “

398 2904 722 2996 ῗὲὲ1.1“ιοηρηοπ,
749 2901 891 2946 ‘Ge'oqr.
917 2902 958 2936 de
983 2901 1019 2935 la
1047 2900 1171 2935 Gaule'
1193 2912 1232 2945 p.
1251 2901 1332 2937 246.
1357 2902 1440 2936 247.
1536 2899 1575 2944 4)
1611 2898 1731 2942 Greffi,
1755 2896 1806 2934 H.
1829 2894 1921 2982 Ebu-³¹
