2008 3302
396 279 442 314 74
681 274 849 319 IONAS,
869 273 1032 309 VITAE
1058 272 1365 309 GOLUMBANI
1388 272 1534 308 LIBRI
1557 272 1610 309 Π.

455 398 618 440 ΑῇὓαΙει
650 397 752 451 quis
783 410 916 446 unus,
951 395 1193 437 Eustasius
1226 397 1295 437 est
1329 408 1479 438 eomes
1511 395 1663 437 huius.

456 458 698 512 Virgineas
731 456 881 505 bacas,
915 469 1029 510 quas
1062 454 1259 509 protulit
1290 454 1550 504 Evoriacas,

456 517 656 569 Querere
690 515 924 570 scriptoris
955 515 1005 556 in
1037 515 1128 557 fine
1161 516 1393 557 memento
1425 514 1608 565 laboris,

395 588 509 630 inter
540 590 675 630 cetera
706 586 809 628 haec
841 585 1046 629 continet:

539 658 614 711 fol
641 662 760 699 74—
769 661 863 699 102.
898 657 946 699 V.
987 656 1240 712 Columbani
1281 670 1373 699 cum
1415 655 1706 710 carminibus;
1746 657 1900 700 absunt
1924 673 1942 699 5

396 723 533 761 autem
550 716 915 773 praescriptiones
940 709 1126 772 capitum
1151 720 1190 758 et
1214 720 1341 758 totum
1367 731 1400 759 c.
1429 720 1495 770 16,
1519 719 1747 770 piaeterea
1771 716 1900 759 verba

396 793 428 821 c.
454 782 523 820 22.
557 778 800 833 repedaret
837 777 1077 832 respondit
1113 798 1172 805 —
1203 777 1252 818 in
1285 777 1498 819 omnibus
1538 775 1753 828 famulos,
1795 774 1900 829 folio

388 842 489 894 post
520 841 589 879 94.
622 836 771 890 exciso,

538 897 613 949 fol.
641 895 752 938 1Ο2’.
800 896 935 938 Later
936 895 1049 938 culos
1095 895 1282 951 capitum
1333 894 1520 938 vitarum
1565 893 1897 949 insequentium,

394 956 554 1000 scilicet
584 955 685 998 libii
717 954 903 1008 secundi,
1927 971 1961 997 10

538 1016 613 1068 fol.
642 1016 899 1056 103—107‘
903 1047 912 1055 .
946 1015 994 1056 V.
1028 1014 1214 1057 Athalae
1247 1013 1336 1068 (ΙΙ,
1364 1013 1519 1068 1-6),

539 1075 613 1127 fol.
642 1073 917 1115 107‘—116‘.
947 1074 995 1116 V.
1018 1073 1219 1117 Eustasii
1241 1088 1334 1116 cum
1346 1073 1624 1127 praefatione
1643 1073 1900 1128 interpolata

398 1133 486 1188 (II)
512 1133 691 1188 7—10)‚

539 1194 613 1246 fol.
641 1192 919 1235 116¹—127‘.
954 1192 1181 1236 Miracula
1219 1192 1532 1236 Evoriacensia
1570 1191 1657 1246 (ΙΙ,
1687 1192 1896 1246 11—22).

403 1253 508 1297 Cum
539 1253 612 1307 qui
645 1252 868 1306 praecedit
896 1252 1026 1295 index
1056 1252 1254 1295 metricus
1286 1253 1345 1295 acl
1374 1253 1536 1295 eosdem
1567 1256 1736 1295 sanctos
1771 1252 1900 1308 perti·
1927 1270 1961 1296 15

395 1317 506 1366 neat,
541 1313 720 1355 alteram
750 1317 920 1366 partem
951 1312 1051 1355 inole
1082 1327 1110 1353 a
1141 1312 1217 1364 fol.
1245 1316 1342 1354 128.
1376 1311 1512 1354 codici
1541 1316 1693 1367 postea
1723 1311 1900 1366 ayyluti-

395 1377 544 1415 natam
585 1386 671 1414 esse
711 1371 987 1424 manifestum
1028 1376 1099 1414 est.
1171 1371 1366 1415 Continet
1406 1371 1512 1414 liber
1551 1385 1659 1425 quae
1699 1386 1727 1415 a
1763 1371 1901 1414 codice

395 1433 439 1475 A
462 1438 513 1474 la
546 1429 664 1474 abest
685 1431 868 1474 mediam
901 1431 1002 1473 libri
1025 1432 1096 1473 ΙΙ.
1121 1436 1303 1485 partem,
1337 1432 1437 1473 dum
1458 1430 1532 1485 qui
1552 1430 1614 1474 ibi
1635 1433 1766 1484 adest,
1795 1430 1902 1484 finis

396 1492 498 1534 li'bi
481 1506 498 1533 1
522 1489 612 1544 (II
636 1495 760 1533 23-
773 1495 827 1533 25
824 1492 850 1546 )
881 1490 950 1534 hic
972 1490 1264 1534 desideratur:
1290 1491 1398 1534 alter
1419 1490 1553 1545 iyitur
1574 1492 1701 1534 codex
1721 1491 1902 1534 alterum

395 1552 698 1605 quodammodo
730 1551 906 1606 supplet
1926 1569 1963 1595 20

539 1610 680 1665 Alc)
711 1610 850 1653 Codex
871 1610 1203 1653 Monacensis
1224 1625 1268 1653 n.
1284 1599 1419 1668 m
1441 1614 1556 1653 4628
1577 1575 1762 1662 (Bened.
1781 1611 1900 1666 128),

397 1685 505 1713 saec.
535 1670 624 1722 ΧΙ,
657 1669 839 1712 continet

538 1730 613 1782 fol.
641 1729 711 1771 73¹
713 1733 872 1772 —108.
908 1730 955 1772 V.
997 1729 1259 1783 Columbani,
1292 1730 1474 1786 eoeceptis
1505 1728 1782 1784 carminibus,

539 1789 613 1841 fol.
642 1789 911 1831 108—113‘.
945 1790 992 1832 V.
1026 1790 1212 1832 Atlialae
1246 1787 1336 1843 (ΙΙ,
1364 1793 1522 1845 1-6).

551 1849 708 1891 Versus
729 1848 922 1902 Horatii,
945 1849 1014 1891 De
1036 1853 1128 1891 arte
1140 1849 1308 1903 poetica
1329 1853 1524 1891 14—16.
1549 1853 1619 1891 21.
1641 1852 1710 1891 22.
1735 1853 1805 1892 29.
1829 1853 1900 1891 30.
1927 1867 1963 1893 25

397 1908 550 1951 litteris
581 1907 883 1951 minutioribus
921 1908 1061 1964 spatio
1092 1908 1205 1951 illati
1251 1913 1360 1963 sunt,
1417 1910 1529 1963 quocl
1565 1908 1615 1951 in
1655 1908 1851 1952 transitu
1874 1924 1903 1952 a

397 1983 430 2011 c.
460 1974 496 2010 1.
531 1969 590 2010 acl
619 1971 659 2009 2.
693 1967 795 2011 libri
828 1968 867 2010 I.
903 1983 1081 2011 vacuum
1112 1968 1304 2011 relictum
1335 1973 1429 2011 erat
1442 1969 1469 2010 ¹.

541 2028 679 2070 Artae
709 2042 816 2081 quae
856 2028 970 2071 inter
1000 2028 1112 2071 hunc
1152 2027 1307 2071 librum
1347 2032 1386 2070 et
1416 2029 1735 2083 praecedentem
1775 2027 1902 2071 inter-

398 2087 506 2130 cedit
528 2087 853 2130 necessitudinis
878 2092 1125 2142 aryumento
1150 2092 1249 2130 sunt
1280 2103 1312 2131 c.
1343 2092 1409 2129 16.
1443 2088 1490 2131 V.
1521 2087 1773 2131 Columbani
1795 2086 1902 2131 alia-

398 2162 475 2201 que
506 2147 555 2190 in
586 2151 760 2200 utroque
783 2147 1103 2201 praetermissa,
1137 2162 1171 2189 e.
1200 2161 1267 2202 91.
1928 2165 1962 2191 30

468 2207 507 2260 Ι,
538 2211 602 2249 14.
642 2207 847 2262 mihique
880 2230 937 2236 —-
968 2204 1178 2261 tradatis]
1215 2221 1293 2249 om.
1326 2207 1369 2249 A
1392 2212 1451 2250 lc.
1470 2207 1523 2250 c*.

399 2267 603 2309 Attamen
635 2266 677 2308 A
705 2266 765 2309 lc*
799 2267 931 2309 altero
958 2267 1092 2320 plura
1125 2266 1290 2309 omisit:

467 2326 553 2380 ΕΖ).
588 2327 646 2368 ad.
679 2327 766 2368 hoc
799 2323 926 2382 opus]
962 2327 1021 2368 ad
1053 2328 1140 2369 hoc
1174 2325 1275 2380 (om.
1308 2327 1371 2381 o.)
1406 2327 1448 2368 A
1475 2332 1547 2380 10,·
1577 2327 1637 2369 ad
1669 2327 1714 2368 h.
1747 2341 1788 2369 o.
1822 2340 1900 2369 om.

646 2385 689 2427 A
716 2386 797 2433 lc*‚·

473 2444 512 2496 Ι,
541 2448 607 2485 19.
652 2441 894 2500 excitabus]
931 2446 1181 2487 suscitatus
1213 2444 1255 2486 A
1278 2450 1349 2499 10,·
1381 2460 1460 2487 0111.
1491 2445 1536 2487 A
1562 2443 1638 2499 lc*,
1928 2462 1962 2488 35

401 2505 499 2546 dum
531 2503 643 2546 1111110
673 2517 877 2557 superare
908 2518 995 2546 non
1025 2504 1193 2546 videtur
1222 2504 1312 2546 nisi
1338 2518 1548 2560 perraro:

469 2563 508 2616 I,
534 2567 574 2604 7.
612 2560 874 2619 remeasset]
909 2565 1143 2606 redeasset
1174 2564 1218 2605 A
1240 2564 1324 2618 lc*;
1354 2565 1550 2607 redisset
1580 2564 1624 2606 A
1648 2568 1707 2609 lc.

474 2623 476 2626 ’
545 2622 794 2676 Scripturae
824 2622 1032 2676 specimen
1063 2622 1178 2665 dedit
1208 2623 1385 2666 Lawlor
1415 2625 1498 2667 tab.
1531 2624 1590 2666 X.

542 2683 587 2725 A
612 2682 720 2737 lc**)
769 2682 909 2725 Codex
949 2682 1217 2725 bibliothecae
1258 2683 1685 2737 Maihinyensis
1723 2699 1768 2727 n.
1799 2684 1842 2738 I,
1875 2687 1901 2726 2

402 2740 559 2795 (Lat),
594 2742 654 2784 4⁰.
689 2745 728 2795 6,
761 2756 868 2786 saec.
905 2742 1024 2784 XII.
1058 2741 1133 2795 in„
1166 2741 1241 2795 qui
1263 2742 1479 2796 permissu
1516 2742 1663 2786 Caroli
1686 2742 1904 2798 principis
1927 2759 1963 2786 ιο

401 2801 453 2843 ab
488 2801 1016 2856 Oettinyen-Wallerstein
1047 2801 1133 2843 viri
1164 2802 1448 2844 illustrissimi
1479 2803 1529 2845 de
1559 2803 1715 2846 studiis
1744 2802 1904 2846 nostris

403 2943 438 2986 1)
462 2942 519 2984 cf.
546 2943 603 2978 w.
629 2942 753 2978 Aron!
772 2942 918 2985 XXIX,
940 2954 979 2987 p.
995 2943 1064 2978 447
1078 2953 1129 2986 sq.
