2008 3302
453 206 622 252 IONAS,
640 207 799 244 VITAE
825 207 1132 245 COLUMBANI
1156 207 1302 245 LIBRI
1325 207 1379 244 ΙΙ.
1597 207 1666 243 117

162 332 291 382 atque
315 342 408 372 cum
432 328 587 372 eisdem
615 335 710 384 post
732 332 860 374 verba
881 332 920 384 I,
941 336 1019 374 22:
1055 331 1250 375 Sublato
1277 331 1443 373 deinde
1469 329 1663 386 prandio

167 388 237 432 vir
260 388 346 431 Dei
371 389 431 431 ad
457 390 628 432 scafam
655 394 831 434 remeat
857 395 985 434 totum
1009 391 1274 435 enuntiatum
1298 389 1495 433 inserunt
1519 388 1663 432 hoece:

166 447 362 491 Factum
409 451 479 491 est
525 452 694 501 autem,
744 465 846 493 cum
895 451 963 493 vir
1004 452 1093 494 Dei
1132 450 1443 493 Columbanus
1491 449 1662 492 adisset

58 539 59 543 ,
167 503 252 558 (ita
272 507 316 550 A
337 508 403 550 ld.
427 512 490 551 26.
517 513 555 551 et
575 523 596 552 e
622 523 730 552 corr.
753 511 958 553 audisset
979 511 1023 553 A
1044 508 1125 565 16“,·
1155 511 1324 553 edisset
1346 509 1388 551 A
1407 508 1454 562 2)
1488 509 1662 552 scafam

103 582 142 610 ,5
165 563 512 623 (adsurrexisset
537 582 619 622 pro
645 583 684 612 a.
712 583 772 612 sc.
802 569 845 611 A
863 566 934 625 2a)
958 571 1002 612 A
1024 569 1100 613 le*.
1125 572 1164 613 d.
1189 574 1228 612 2.
1253 574 1322 611 2α.
1347 583 1367 611 6
1394 567 1499 622 (non
1520 568 1659 623 A2b),

163 627 507 681 subsequentibus
537 628 700 671 verbis:
729 630 1021 685 repperitque
1056 627 1137 683 (ita
1160 629 1203 672 A
1221 633 1278 672 2α
1304 643 1396 672 eum
1422 629 1512 671 rell.
1525 643 1542 682 ,·
1573 643 1660 684 que

163 699 242 730 oon.
274 686 318 729 A
338 687 417 730 16*.
440 687 480 730 d.
505 691 545 729 2.
570 687 637 743 26)
671 703 775 731 suos
808 689 956 732 multa
986 690 1181 732 tristitia
1213 690 1462 745 depressos.

314 746 370 790 Ut
398 746 506 790 alibi
526 749 654 790 verba
674 748 917 791 necessaria
937 749 1199 804 neyleqenter
1220 747 1527 803 praetermissa
1548 753 1658 802 sunt,

164 804 224 849 ita
262 805 339 850 hoo
377 806 462 850 loco
502 811 638 850 textus
678 807 963 862 amplificatus
1008 813 1078 862 est,
1124 822 1296 862 eumque
1335 821 1417 862 pro
1463 808 1660 851 vocabulo

82 899 86 907 .
160 865 330 908 rariore
360 868 561 910 metatus
591 866 793 911 usitatius
823 869 1033 922 quoddam
1057 868 1323 912 substitutum
1353 867 1420 921 sit,
1453 867 1661 910 sermonis

160 924 311 968 rustici
341 925 582 981 corriyendi
612 927 798 970 studium
823 932 1010 982 apparet.
1064 929 1224 971 Eodem
1247 927 1384 970 studio
1406 927 1519 970 loeus
1539 940 1659 981 quem

161 984 254 1028 dixi
284 985 457 1028 additus
486 986 653 1029 videtur
683 1001 781 1040 esse,
824 987 980 1031 seilicet
1020 992 1211 1031 sanetum
1243 989 1302 1030 ad
1340 987 1541 1041 scapham
1571 1001 1658 1030 non

160 1044 295 1088 solum
325 1058 543 1100 remeasse,
581 1048 655 1089 sed
694 1046 820 1090 etiam
851 1047 990 1101 ipsam
1021 1048 1174 1101 adisse,
1216 1052 1255 1091 et
1286 1052 1392 1091 certe
1422 1047 1471 1090 in
1503 1050 1657 1090 textum

160 1103 331 1148 admitti
361 1119 448 1148 non
479 1105 599 1149 licuit
627 1107 765 1161 verba,
799 1121 906 1161 quae
931 1122 959 1150 a
984 1107 1227 1151 melioribus
1252 1107 1375 1150 libris
1399 1107 1442 1149 A
1459 1112 1524 1150 la.
1549 1108 1585 1150 b.
1614 1111 1655 1149 3.

83 1200 97 1207 ,.
157 1162 204 1206 Β
221 1168 289 1207 la.
313 1168 339 1208 2
381 1165 552 1208 omnino
592 1167 748 1209 absunt
785 1181 860 1210 nee
900 1181 981 1221 per
1021 1182 1162 1210 omnes
1205 1167 1336 1210 libros
1375 1167 1419 1209 A
1437 1171 1461 1208 2
1504 1167 1656 1220 confir-

156 1227 343 1278 mantur,
374 1225 504 1268 veluti
523 1225 567 1267 A
585 1227 636 1268 2b
667 1225 818 1269 iisdem
848 1227 1008 1270 vacat1.
1068 1227 1174 1271 Cum
1205 1242 1312 1282 quae
1343 1226 1468 1270 libris
1488 1226 1604 1270 Alc.
1627 1227 1658 1269 d

156 1287 196 1326 et
223 1283 268 1326 A
284 1287 310 1326 2
342 1284 582 1328 communia
611 1290 712 1328 sunt
741 1301 791 1329 ea
821 1300 1043 1329 numerum
1078 1301 1166 1330 non
1196 1289 1300 1330 adeo
1330 1300 1533 1341 maynum
1563 1286 1655 1339 effi*-

156 1341 275 1386 ciant
302 1347 426 1398 atque
448 1349 673 1398 praeterea
701 1347 855 1388 menda
881 1346 1058 1390 alterius
1080 1346 1225 1401 partis
1249 1347 1299 1390 in
1323 1347 1460 1389 altera
1479 1345 1655 1389 minime

54 1447 56 1450 ,
155 1403 343 1457 redeant,
374 1403 475 1457 fieri
503 1403 578 1446 vix
597 1409 749 1460 potest,
781 1410 829 1448 ut
858 1406 995 1449 altera
1020 1420 1071 1449 ex
1096 1407 1232 1450 altera
1260 1411 1353 1449 orta
1383 1405 1451 1460 su,
1484 1406 1654 1460 verique

80 1499 82 1501 ,
155 1461 341 1506 similius
371 1467 432 1506 est
462 1463 655 1507 lectiones
680 1465 911 1508 nonnullas
935 1480 987 1508 ex
1007 1466 1239 1520 exemplari
1260 1466 1400 1509 alieno
1422 1480 1450 1508 a
1472 1465 1652 1508 librario

155 1523 337 1576 quodam
367 1524 633 1578 depromptas
674 1539 772 1578 esse,
814 1539 987 1579 cumque
1027 1526 1187 1569 codices
1217 1526 1261 1569 A
1282 1531 1341 1570 16.
1365 1527 1395 1569 d
1425 1529 1653 1579 praeterea

153 1576 385 1635 manifesta
415 1583 565 1626 elassis
595 1583 638 1626 A
659 1589 680 1626 1
712 1584 891 1639 vestiyia
930 1586 1089 1640 ferant,
1122 1600 1334 1640 proavum
1375 1600 1517 1629 eorum
1550 1599 1651 1629 oom-

152 1640 276 1685 missi
304 1655 424 1686 reum
453 1657 540 1686 esse
570 1643 816 1687 existimem.
878 1645 1114 1700 Exemplar
1143 1650 1294 1700 autem,
1333 1647 1444 1700 quod
1478 1647 1538 1688 ad
1567 1659 1651 1688 eor-

151 1700 376 1756 riqendum
415 1706 570 1746 textum
608 1703 681 1747 ille
718 1704 881 1759 ascivit,
921 1718 1240 1760 nonnumquam
1276 1720 1370 1750 cum
1400 1706 1443 1748 A
1466 1710 1523 1749 2a
1559 1719 1651 1748 oon-

151 1760 277 1814 venit,
309 1761 580 1806 dissentiente
610 1763 746 1808 codice
776 1764 821 1807 A
838 1769 885 1808 2:

232 1821 317 1876 Ep.
379 1819 592 1879 secando]
626 1826 846 1868 sectando
877 1825 922 1867 A
942 1829 1000 1869 16.
1025 1826 1065 1868 d.
1090 1830 1172 1880 2a;

211 1880 253 1935 I,
280 1885 346 1924 19.
379 1885 650 1938 paraturum
691 1880 966 1940 (pariturum
1006 1885 1050 1928 A
1076 1890 1135 1929 16.
1168 1882 1227 1942 d)]
1269 1887 1508 1942 respondit
1548 1887 1647 1930 add.

436 1942 480 1984 A
501 1947 560 1986 16.
583 1944 624 1986 d.
649 1948 706 1987 2a
724 1958 732 1966 ·

29 1963 42 2069 Ξ
210 2001 249 2055 I,
273 2005 343 2044 27.
376 1979 738 2060 Mogontiacum]
772 2005 1115 2048 Mosuntiacum
1147 2005 1191 2048 A
1216 2010 1275 2049 16.
1309 2007 1362 2060 d,·
1402 2007 1650 2049 Mosontia-

84 2076 125 2102 30
436 2076 541 2104 eum
572 2063 615 2105 A
633 2067 715 2117 2a;
755 2064 1043 2120 Mogontiam
1075 2065 1118 2108 A
1137 2070 1176 2108 2.

149 2119 343 2164 Alterius
371 2120 506 2173 fontis
536 2122 714 2177 vestiyia
743 2126 783 2166 et
810 2123 860 2166 in
897 2124 1096 2167 laterculo
1137 2124 1324 2180 capitum
1363 2129 1403 2168 et
1439 2125 1489 2168 in
1521 2139 1647 2180 prae-

149 2179 450 2234 scriptionibus
480 2181 861 2238 deprehenduntur,
893 2188 1018 2238 atque
1047 2184 1127 2227 has
1146 2184 1217 2227 ille
1237 2185 1421 2240 exemplo
1442 2185 1648 2229 librorum

149 2239 192 2282 A
209 2243 249 2281 2.
284 2244 341 2282 2α
372 2254 570 2294 perverse
609 2241 848 2296 disponens,
884 2244 1263 2299 praescriptionem
1299 2259 1333 2288 6.
1362 2249 1431 2288 20.
1463 2245 1648 2288 medium

147 2298 198 2342 in
219 2301 491 2354 praecedens,
524 2301 721 2345 lemmata
748 2316 845 2345 vero
877 2317 910 2347 6.
934 2307 1004 2346 21.
1029 2308 1084 2347 22
1109 2303 1159 2347 in
1185 2319 1219 2347 6.
1243 2308 1312 2347 20.
1337 2309 1390 2348 21
1415 2305 1644 2361 promovit,

30 2367 43 2419 ἰζ
86 2374 123 2401 ³⁶
148 2358 327 2412 denique
357 2373 542 2403 errorem
573 2361 916 2406 animadvertens
941 2378 974 2406 6.
998 2368 1068 2406 23.
1095 2378 1188 2407 cum
1214 2368 1283 2407 22.
1317 2364 1549 2419 coniunxit,
1581 2364 1647 2408 ita

29 2419 43 2471 ’ᾗ
149 2422 196 2461 ut
225 2434 253 2462 a
284 2433 316 2462 6.
341 2422 412 2462 24.
445 2420 590 2464 omnia
628 2420 743 2464 inter
772 2436 815 2465 se
855 2423 1118 2478 conveniant,
1160 2425 1260 2467 dum
1291 2425 1334 2467 A
1354 2430 1392 2467 2.
1427 2430 1484 2467 2α
1515 2439 1548 2468 6.
1573 2428 1642 2468 24.

148 2492 242 2521 cum
267 2482 338 2521 23.
364 2479 660 2534 coniunyentes
684 2482 848 2524 demum
873 2497 901 2526 a
926 2497 959 2526 6.
983 2486 1053 2525 25.
1079 2483 1129 2527 in
1154 2484 1346 2527 ordinem
1370 2499 1413 2527 se
1437 2485 1643 2538 referunt.

147 2537 437 2592 Praeseriptio
474 2539 614 2582 ultimi
654 2541 806 2595 capitis
845 2539 933 2599 (30)
973 2543 1022 2586 in
1052 2543 1096 2586 A
1121 2545 1177 2587 ld
1215 2543 1369 2599 Zeyitur
1399 2559 1427 2587 a
1467 2544 1646 2599 reliquis

148 2596 395 2652 discrepans
426 2599 630 2643 omnibus.

32 2733 34 2735 v
87 2696 124 2722 «ιο
150 2690 185 2734 1)
214 2691 326 2726 Verbo
350 2690 505 2727 Factum
541 2695 595 2727 est
619 2694 729 2728 Ionas
762 2705 852 2730 raro
875 2696 1041 2731 utebatur
1065 2697 1135 2741 (II,
1152 2699 1185 2733 3.
1211 2695 1438 2741 Factumque
1464 2698 1518 2731 est
1542 2695 1644 2732 dein-

32 2737 34 2739 ’
148 2748 244 2783 ceps,
269 2749 352 2773 cum
376 2760 424 2765 —
449 2740 557 2775 tellus
583 2741 776 2787 excoleret,
802 2743 921 2778 subito
945 2765 989 2769 —
1008 2744 1182 2790 asperitas
1207 2745 1392 2790 peremit),
1418 2745 1643 2789 frequentius

148 2785 368 2831 bioqraphus
394 2788 590 2831 Genooefae
615 2800 697 2824 aevo
722 2790 957 2836 Carolinyico,
993 2795 1055 2837 qui
1087 2804 1114 2829 6.
1142 2795 1174 2829 7.
1202 2793 1313 2826 locum
1332 2793 1555 2836 persimilem
1578 2803 1642 2828 ex-

147 2833 261 2869 hibet:
285 2833 440 2870 Factum
466 2839 521 2871 est
545 2838 668 2872 autem
692 2858 751 2882 —-—‚
777 2849 860 2873 cum
885 2843 1003 2875 mater
1027 2861 1075 2866 —
1098 2843 1280 2886 pergeret,
1306 2861 1353 2866 —
1377 2840 1462 2875 ilico
1487 2861 1535 2866 —
1559 2851 1642 2886 per-

147 2891 250 2916 cussa
275 2885 340 2919 est.
