2008 3302
384 309 454 344 100
669 304 835 348 IONAS,
852 302 1016 339 VITAE
1042 300 1350 338 GOLUMBANI
1373 300 1519 336 LIBRI
1542 300 1596 338 H.

384 432 498 470 terea
529 430 586 468 tot
616 424 810 467 lectiones
833 424 879 466 Β
902 423 952 466 in
983 423 1123 466 eodem
1154 422 1536 476 deprehenduntur,
1569 425 1617 464 ut
1646 421 1802 465 librum
1827 422 1887 465 ad

383 484 588 528 eiusmodi
619 483 833 537 exemplar
864 486 1093 526 correctum
1124 495 1210 524 esse
1233 485 1406 535 pateat:

472 544 556 597 Ep.
606 539 1223 598 conibentia]eonven13ione
1254 542 1299 582 A
1317 540 1395 582 3⁵01
1425 555 1517 583 cum
1547 540 1593 583 B
1612 539 1679 584 la.
1713 544 1762 592 2;

443 618 476 646 c.
504 607 571 645 12.
605 603 707 645 sinu
813 602 912 645 eleo
944 600 1082 643 A3ac1
1113 614 1206 643 cum
1236 599 1282 642 Β
1301 604 1369 642 la.
1403 603 1452 651 2;
1992 639 1998 650 ,-

443 677 476 705 c
501 667 570 704 30.
603 599 809 718 laborisf
833 661 1037 717 praemio
1078 661 1197 702 vires
1239 662 1443 702 resumat
1482 659 1581 702 add.
1615 658 1657 701 A
1682 659 1760 702 350¹
1791 673 1885 703 cum
1908 673 1930 703 5
1990 671 2001 695 ³?

669 720 714 763 Β
734 725 800 763 1α.
835 725 875 763 2.

526 779 726 834 Inspexit
754 779 974 823 Henricus
1005 779 1195 833 Lebeque
1225 792 1262 820 v.
1297 792 1331 820 c.
1998 794 2008 839 „⁴

526 840 570 883 A
588 839 686 894 39⁶²)
735 839 874 882 Codex
913 837 1367 882 Mediolanensis
1407 836 1677 881 bibliothecae
1706 837 1884 880 Ambro-
1991 863 2008 921 ⁵21¹

383 899 534 943 sianae
573 899 619 942 Β
641 904 695 941 33
743 898 826 951 inf.
871 896 1017 952 (antea
1054 898 1124 953 Q),
1166 911 1274 940 saec.
1319 896 1470 950 XIII,
1518 896 1619 939 olim
1659 896 1798 940 Vallis
1837 897 1881 940 S.
1998 934 1999 938 ,

382 958 596 1014 Huqmis,
638 959 782 1001 eadem
813 958 904 1010 fere
935 962 1059 1011 atque
1085 957 1342 1010 praecedens
1372 957 1512 999 eodem
1543 955 1694 999 ordine
1722 955 1887 1000 exhibet
1909 972 1948 999 10
1988 968 1997 1011 ἔ,

383 1023 506 1072 atque
527 1018 599 1070 fol.
620 1017 719 1060 133‘
721 1021 882 1059 -—.148
910 1017 959 1059 V.
983 1015 1235 1060 Columbani
1254 1030 1344 1058 una
1365 1030 1458 1058 cum
1478 1014 1659 1070 epistula
1675 1013 1883 1070 (praeoer.

384 1079 559 1133 Incipit,
584 1077 802 1133 prologus
825 1077 939 1133 Ione¹
970 1078 1020 1118 in
1040 1077 1185 1118 vibam
1213 1075 1341 1118 beati
1362 1075 1640 1118 Columbani
1670 1071 1882 1131 abbatis),

383 1137 584 1180 laterculo
606 1136 802 1190 capitum,
827 1135 1105 1190 praefatione
1128 1132 1183 1187 (c.
1210 1139 1248 1177 1.
1271 1148 1469 1190 praescr.
1500 1135 1622 1178 Item
1644 1134 1763 1178 alius
1784 1148 1911 1192 pro—

383 1194 535 1252 logus)
571 1195 721 1238 i.nest1
785 1195 968 1238 Ineunte
1003 1194 1185 1261 epistula
1215 1195 1444 1237 Bobolino
1482 1191 1566 1246 (ita
1595 1193 1641 1236 Β
1665 1194 1728 1236 lb
1761 1195 1810 1250 2)
1846 1198 1887 1237 et

382 1256 576 1298 Memini
608 1258 716 1298 ante
748 1255 945 1309 lequntur
974 1253 1083 1297 sicut
1117 1253 1167 1296 in
1198 1253 1242 1295 A
1259 1254 1336 1296 3501
1367 1257 1491 1307 atque
1525 1252 1631 1306 finis
1661 1267 1696 1296 c.
1722 1256 1790 1296 17.
1821 1251 1886 1296 ibi
1908 1269 1947 1296 ιε»

383 1316 559 1358 eundem
590 1314 724 1357 locum
755 1318 938 1368 occupat,
970 1313 1081 1356 sicut
1108 1313 1158 1356 in
1188 1314 1340 1367 eodem,
1372 1312 1530 1356 scilicet
1549 1316 1651 1367 post
1679 1326 1713 1356 c
1741 1316 1807 1355 15.

525 1373 671 1417 Locos.
690 1374 917 1416 nonnullos
942 1376 1109 1428 petente
1138 1387 1203 1415 me
1232 1372 1435 1428 inspea‘it
1450 1371 1670 1416 Antonius
1706 1370 1885 1416 Geriani

384 1432 652 1476 bibliothecae
682 1432 999 1475 Ambrosianae
1020 1432 1267 1487 praefectus
1297 1431 1602 1475 celeberrimus.

526 1493 570 1534 A
587 1493 635 1547 4)
670 1491 809 1535 Codex
830 1490 1141 1534 Bernensis
1164 1505 1207 1533 n.
1232 1494 1301 1545 48,
1328 1505 1436 1534 saec.
1462 1490 1552 1545 XI,
1585 1490 1686 1534 olim
1709 1490 1883 1534 Floria-
1984 1514 1993 1527 ··

384 1551 521 1595 censis
557 1556 653 1594 teste
689 1552 756 1594 M.
789 1550 1040 1605 Petscheniq
1053 1552 1079 1604 2,
1121 1550 1196 1603 fol.
1223 1549 1501 1593 184‘-—191‘.
1543 1550 1592 1593 V.
1631 1549 1884 1594 Columbani
1906 1566 1945 1594 no

382 1611 484 1654 inde
514 1625 542 1652 a
565 1610 840 1665 praefatione
872 1609 934 1664 (I,
962 1611 1007 1666 1)
1029 1610 1320 1653 Rubilantem
1354 1610 1413 1652 ad
1439 1624 1472 1653 c.
1499 1613 1567 1651 17.
1598 1613 1883 1666 processerat

383 1669 557 1723 exhibet,
590 1670 653 1712 ita
677 1674 724 1712 ut
753 1670 828 1722 fol.
855 1669 967 1712 191‘.
994 1669 1169 1712 minime
1194 1673 1483 1723 consumptum
1507 1668 1575 1712 sit.
1628 1669 1884 1713 Latere-abus

383 1729 579 1783 capitum,
622 1729 695 1783 qui
724 1729 1043 1783 praefationem
1072 1728 1341 1783 subsequitur
1371 1742 1503 1782 neque
1526 1727 1748 1783 praecedit
1774 1727 1885 1772 sicut

381 1788 431 1831 in
476 1788 653 1843 reliquis
699 1788 833 1842 libris,
881 1789 1022 1831 eodem
1066 1789 1188 1830 modo
1230 1792 1354 1842 atque
1392 1787 1442 1830 in
1482 1788 1526 1830 A
1551 1792 1619 1831 la.
1651 1801 1673 1831 c
1710 1786 1880 1831 desinit.

380 1848 749 1902 Praescriptiones
769 1848 956 1903 capitum
971 1848 1200 1902 pleraeque
1221 1848 1379 1890 adsunt
1397 1861 1529 1902 neque
1548 1861 1645 1891 vero
1665 1845 1882 1902 scriptura
1905 1863 1942 1891 ιε

381 1911 666 1950 atramentove
694 1907 920 1950 distinctae
949 1911 1062 1950 sunt.

525 1966 774 2020 Scripturae
804 1966 1011 2021 specimen
1043 1966 1159 2009 dedit
1187 1966 1366 2009 Lawlor
1397 1965 1481 2009 tab.
1513 1966 1584 2010 II.
1618 1965 1721 2009 III.

522 2037 657 2092 A4a)
700 2037 838 2081 Codex
868 2037 1225 2080 Parisiensis
1266 2037 1533 2081 bibliothecae
1563 2035 1880 2080 Mazarinaeae

379 2111 421 2139 n.
453 2101 565 2140 1712
598 2094 758 2153 (1316),
800 2111 908 2140 saec.
945 2097 1064 2139 XII.
1108 2097 1156 2140 in
1195 2096 1452 2140 monasterio
1493 2097 1538 2140 S.
1570 2096 1751 2150 Arnulfl
1787 2095 1880 2140 C'ri-
1983 2126 1987 2134 ,

378 2156 591 2210 spiacensi
644 2154 792 2208 (hodie
850 2156 1277 2212 Grepy-en-ValoiS,
1331 2157 1423 2210 dep.
1482 2155 1600 2212 Oise)
1663 2159 1877 2210 exaratus,
1902 2162 1940 2200 εἰ)
1981 2206 1985 2214 ζ

378 2215 530 2259 deinde
557 2216 600 2259 S.
624 2215 819 2259 Martini
850 2231 879 2259 a
909 2215 1093 2270 Campis,
1125 2216 1202 2269 fol.
1226 2220 1326 2258 229.
1359 2216 1409 2259 V.
1443 2214 1695 2259 Columbani
1725 2216 1880 2269 absque

378 2275 558 2328 epistula
606 2273 710 2326 (inc.
751 2276 994 2319 Rutilante
1031 2276 1072 2329 Ι,
1115 2276 1160 2331 1)
1209 2275 1390 2330 eoehibet,
1438 2289 1565 2330 quam
1611 2275 1660 2318 V.
1698 2274 1879 2318 Mariae

377 2334 663 2388 Aeqyptiacae
688 2339 857 2377 auctore
877 2334 1125 2377 Hildeberto
1148 2334 1224 2387 fol.
1248 2334 1363 2376 257‘.
1389 2333 1656 2389 subsequitur
1668 2334 1696 2377 ⁸.
1747 2333 1878 2376 Prae-

377 2393 626 2446 scriptiones
665 2393 849 2447 capitum
889 2395 1047 2436 adsunt
1084 2394 1219 2436 minio
1254 2394 1409 2448 pictae,
1451 2395 1551 2437 dum
1590 2407 1712 2448 quem
1751 2394 1878 2436 codex

368 2453 629 2506 praecedens
660 2452 822 2495 eoehibet
853 2453 1081 2495 laterculus
1112 2452 1390 2495 desideratur.
1449 2453 1604 2496 Textus
1633 2466 1731 2495 vero
1761 2453 1878 2495 ultra
1901 2469 1939 2497 ω

376 2511 419 2552 Α
437 2514 463 2552 4
487 2511 742 2565 porriyitur,
786 2511 946 2554 additis
978 2526 1064 2554 non
1095 2511 1228 2554 solum
1260 2513 1348 2564 fine
1379 2526 1413 2555 c.
1440 2516 1507 2566 17,
1548 2513 1624 2555 sed
1652 2510 1781 2555 etiam
1811 2525 1876 2555 ca-

367 2569 534 2624 pitibus
566 2574 636 2613 29.
669 2575 707 2613 et
740 2574 808 2612 30.
842 2570 1075 2613 Librarius
1115 2570 1188 2625 qui
1220 2570 1400 2614 codicem
1431 2570 1627 2614 exaravit
1655 2571 1877 2626 neyleyens

376 2634 415 2672 et
443 2629 621 2672 stolidus
652 2634 809 2673 textum
839 2630 988 2672 misere
1020 2629 1231 2684 corrupit:

435 2689 476 2743 I,
501 2693 540 2732 2.
574 2690 747 2732 mundo
779 2690 874 2733 late
904 2686 1121 2745 tremulo]
1157 2690 1267 2732 dum
1293 2691 1466 2733 mundo
1487 2690 1606 2733 labet
1626 2690 1677 2732 in
1697 2690 1875 2733 remulo

620 2749 664 2791 A
681 2752 750 2802 4a,

377 2853 412 2896 1)
445 2855 497 2896 Cf.
524 2854 634 2889 Anal.
661 2853 751 2889 Boll.
777 2851 848 2896 XI,
865 2855 962 2895 222;
996 2853 1143 2887 Lawlor
1163 2865 1201 2898 p.
1218 2854 1277 2890 45.
1376 2855 1411 2899 2)
1439 2854 1510 2890 Ed.
1536 2854 1688 2888 Victoris
1710 2853 1874 2896 Vama,
1897 2766 1985 2878 ωί

375 2899 513 2943 Corpus
536 2911 606 2935 scr.
631 2900 704 2936 eccl.
732 2901 792 2937 lat
819 2901 902 2944 VII,
921 2913 962 2946 p
981 2907 1045 2936 111
1152 2902 1189 2946 3)
1217 2902 1273 2944 Cf.
1299 2901 1507 2945 ‘Cataloyue
1527 2901 1675 2945 general
1698 2901 1757 2936 des
1788 2911 1872 2936 ms.

374 2948 434 2981 des
469 2948 503 2981 bz
499 2948 553 2981 bli
549 2947 717 2992 otheques
747 2927 933 2993 publiqiies
965 2949 1007 2982 de
1032 2949 1086 2982 Fr
1087 2959 1182 2992 ance,
1221 2948 1346 2991 Paris,
1378 2948 1620 2993 Bibliotheque
1651 2947 1873 2992 Mazarim’,

372 2994 469 3027 Par
454 2997 534 3028 tisis
561 2997 663 3035 1881,
691 2996 744 3038 II,
765 3008 805 3040 p
825 2998 904 3033 187.
1961 3026 1979 3107 ᾗ
