2008 3302
382 293 428 328 60
666 291 833 337 IONAS,
851 292 1016 327 VITAE
1042 291 1350 328 GOLUMBANI
1374 291 1520 328 LIBRI
1544 292 1596 329 Π.

380 413 510 456 lucem
542 412 719 466 aspexit.
788 413 893 456 Cum
923 417 1131 467 quantum
1169 413 1220 456 in
1258 413 1328 456 his
1367 413 1522 457 studiis
1559 418 1708 458 auctor
1737 415 1882 470 profe-

380 471 485 515 cisse
516 471 623 513 mihi
647 471 853 525 videatur,
886 471 934 515 in
966 472 1200 515 annalibus
1221 472 1381 516 nostris
1394 473 1409 498 ¹
1439 473 1582 526 fusius
1606 474 1880 530 exposuerim,

379 531 469 574 iam
499 530 710 573 monuisse
740 531 850 574 satis
879 531 972 585 erit,
1005 531 1144 586 ipsum
1175 546 1221 574 eo
1246 532 1396 586 optime
1420 532 1617 576 meritum
1641 547 1740 588 esse,
1772 535 1885 588 quod

378 590 425 632 in
467 589 626 632 codices
664 589 950 634 Britannicos
990 595 1076 634 octo
1121 590 1346 646 diliqenter
1385 591 1627 647 inquisivit,
1669 607 1691 636 e
1730 593 1883 647 quibus

379 654 462 691 tres
493 653 656 691 tantum
687 649 778 692 noti
807 650 916 692 mihi
945 651 1133 704 fuerant,
1175 650 1329 705 hosque
1369 651 1556 706 aliosque
1599 651 1883 706 copiosissime
1906 671 1924 698 5

378 708 602 762 descripsit
645 713 768 763 atque
813 710 1038 752 multorum
1085 710 1291 753 librorum
1335 710 1569 765 specimina
1611 710 1882 767 phototypica

379 768 559 820 addidit,
601 782 708 822 quae
747 769 839 811 suis
879 769 981 812 locis
1017 769 1143 822 infra
1173 769 1310 813 attuli.
1373 770 1559 813 Interim
1599 785 1741 814 omnes
1779 785 1883 826 quos

379 827 584 870 citaverat
613 827 774 872 codices
805 829 868 871 vel
898 828 944 883 ii,
988 831 1037 872 de
1069 843 1246 882 quorum
1277 833 1390 872 textu
1430 830 1584 873 certior
1613 830 1757 884 factus
1794 844 1882 874 non

377 891 480 940 erat,
514 887 577 929 ita
608 902 722 930 nunc
753 888 991 931 examinati
1022 893 1133 943 sunt,
1165 893 1212 932 ut
1241 889 1291 932 in
1323 890 1476 932 classes
1503 894 1675 933 nostras
1700 889 1882 935 describi

369 946 599 1000 potuerint,
647 962 927 1002 maynumque
970 963 1113 991 eorum
1156 963 1379 991 numerum
1424 948 1575 1004 adieci,
1623 948 1698 1003 qui
1741 949 1881 1004 ipsum
1908 969 1942 995 ιο

376 1007 591 1060 fuqerant,
625 1011 748 1060 atque
779 1021 900 1061 spero
930 1008 1036 1062 fore,
1069 1012 1117 1051 ut
1145 1007 1219 1050 vix
1239 1008 1372 1051 ullum
1396 1008 1774 1062 praetermiserim,
1807 1009 1882 1064 qui

376 1065 424 1108 in
457 1065 661 1119 cataloqis
691 1066 817 1109 editis
847 1072 1131 1110 enumeratur.

519 1126 563 1167 A
591 1125 665 1179 la)
706 1126 845 1168 Codex
871 1127 1271 1193 Sanqallensis
1301 1142 1344 1170 n.
1369 1131 1469 1181 553,
1501 1127 1668 1181 formae
1697 1132 1878 1184 octavae,

369 1199 415 1238 p.
439 1189 538 1238 227,
572 1200 600 1227 a
627 1185 827 1240 pluribus
858 1186 942 1229 libr
943 1186 1054 1230 ariis
1085 1201 1192 1230 saec.
1219 1187 1279 1229 X.
1311 1186 1374 1230 in.
1407 1191 1622 1241 exaratus,
1664 1202 1687 1231 e
1716 1188 1882 1254 duabus

366 1244 571 1310 partibus
603 1249 774 1299 constat,
807 1259 989 1299 quarum
1018 1246 1142 1300 prior
1169 1246 1427 1290 Columbano
1452 1245 1752 1314 discipulisque
1776 1246 1879 1303 eius,
1907 1266 1941 1293 ιτ»

367 1303 581 1358 posterior
618 1305 662 1347 S.
704 1304 830 1348 Gallo
845 1307 861 1331 ²
900 1305 1043 1349 dicata
1079 1310 1150 1360 est,
1195 1310 1319 1360 atque
1359 1306 1487 1349 etiam
1527 1306 1576 1349 in
1607 1306 1758 1361 priore
1798 1307 1881 1350 duo

376 1362 550 1405 librarii
580 1363 872 1418 distinyuendi
902 1369 1012 1419 sunt,
1047 1380 1140 1408 cum
1171 1365 1278 1408 liber
1299 1366 1370 1408 ΙΙ.
1397 1366 1515 1408 haud
1535 1365 1600 1408 ita
1629 1366 1759 1409 multo
1779 1370 1884 1422 post

377 1422 599 1465 accessisse
644 1423 852 1466 videatur.
926 1425 1157 1479 Utrumque
1203 1425 1252 1467 V.
1307 1425 1559 1469 Columbani
1609 1425 1767 1470 librum
1816 1426 1881 1470 ita

377 1482 624 1535 dispositum
656 1483 783 1526 codex
813 1483 1000 1527 exhibet:

523 1541 537 1557 *
540 1556 586 1595 p.
615 1546 813 1585 2—118.
871 1543 919 1585 V.
960 1543 1211 1587 Columbani
1251 1559 1343 1587 cum
1385 1543 1661 1599 carminibus,
1702 1557 1880 1599 quorum
1905 1564 1942 1591 κο

377 1601 557 1643 alterum
587 1601 692 1654 folio
722 1602 861 1645 exciso
891 1602 1180 1657 imperfectum
1213 1608 1283 1658 est,

513 1675 559 1714 p.
589 1665 842 1704 119-132,
887 1662 934 1705 V.
967 1663 1154 1706 Athalae
1186 1663 1273 1717 (H,
1303 1668 1384 1705 1-
1398 1663 1454 1717 6),

511 1735 558 1775 p.
590 1725 842 1763 132—139.
886 1722 933 1764 V.
966 1722 1156 1776 Bertulfi
1189 1721 1279 1775 (II,
1304 1722 1396 1777 23),

513 1794 560 1834 p.
588 1785 841 1822 139—150.
867 1782 936 1825 De
960 1783 1197 1825 monachis
1218 1783 1557 1826 Ebobiensibus
1581 1780 1671 1837 (II,
1689 1786 1760 1826 24.
1785 1781 1878 1838 25),

376 1840 645 1893 subsequente
684 1841 1015 1896 subscriptione:
1056 1842 1259 1898 Explicit
1299 1843 1487 1886 libellus
1529 1844 1585 1886 de
1617 1844 1715 1886 vita
1754 1857 1879 1887 sane·
1904 1861 1940 1889 ιο

375 1901 527 1940 torum
581 1902 766 1955 patrum
820 1901 1362 1954 Golumbani‚A13a1ae‚
1417 1902 1611 1945 Bertolfi
1662 1902 1737 1946 vel
1788 1917 1878 1947 mo·

376 1959 629 2001 nachorum
662 1974 834 2002 eorum.

518 2018 712 2061 Alterius
731 2018 866 2073 iyi·tui
885 2019 988 2062 libri
1004 2034 1114 2076 pars
1133 2020 1276 2064 media
1292 2020 1560 2064 desideratur
1582 2018 1674 2076 (II
1694 2025 1778 2064 7—
1725 2022 1876 2077 —22),

375 2076 535 2120 scilicet
564 2077 612 2120 V.
637 2078 833 2121 Eustasii
864 2093 956 2122 cum
987 2079 1211 2123 miraculis
1232 2079 1604 2135 Evoriacensibus,
1635 2094 1730 2124 cum
1751 2081 1879 2147 codex

375 2138 436 2179 ad
453 2137 562 2179 solos
582 2137 815 2180 Bobienses
835 2139 1004 2182 abbates
1024 2140 1330 2194 monachosque
1349 2143 1511 2194 spectet.
1557 2139 1692 2183 Liber
1702 2139 1879 2197 primus
1904 2159 1940 2186 uo

375 2211 403 2239 a
444 2196 626 2239 librario
658 2198 794 2251 paulo
834 2198 1056 2242 vetustiore
1087 2199 1313 2242 admodum
1345 2203 1541 2242 accurate
1571 2204 1776 2243 exaratus
1805 2204 1876 2255 est,

375 2254 506 2322 isque
522 2256 572 2299 in
602 2257 873 2300 describendo
903 2272 992 2301 non
1022 2258 1175 2311 defecit
1204 2258 1294 2302 nisi
1325 2272 1440 2312 rar0,
1473 2259 1610 2313 plura
1642 2258 1800 2303 scilicet
1829 2259 1879 2303 in

365 2315 527 2368 primis
566 2316 746 2370 payinis
791 2318 946 2360 menda
991 2318 1250 2361 committens
1294 2332 1422 2373 quam
1467 2318 1518 2361 in
1555 2318 1878 2385 posterioribus.

380 2375 535 2417 Textus
566 2380 716 2429 postea
746 2381 956 2420 correctus
986 2381 1056 2431 est,
1098 2377 1314 2432 scriptura
1341 2377 1610 2433 primiqenia
1639 2392 1778 2434 erasa,
1819 2382 1879 2422 at-

374 2447 453 2487 que
483 2434 689 2477 eiusmodi
719 2436 914 2479 lectiones
936 2436 1064 2480 initio
1090 2437 1197 2480 satis
1216 2438 1373 2480 multae
1393 2437 1611 2492 paulatim
1640 2442 1876 2481 rarescunt.
1903 2456 1938 2483 ω

376 2493 489 2535 Sunt
519 2498 658 2536 autem
689 2509 717 2536 a
749 2496 950 2549 pluribus
981 2495 1179 2539 librariis
1209 2496 1368 2551 illatae,
1411 2511 1432 2540 e
1462 2496 1615 2551 quibus
1646 2511 1758 2540 unus
1786 2497 1878 2551 fere

374 2552 567 2606 aequalis
597 2557 834 2597 atramento
870 2555 1069 2614 fusciore,
1102 2555 1360 2611 posteriores
1394 2555 1626 2612 pallidiore
1665 2556 1735 2599 usi
1765 2561 1875 2601 sunt.

520 2624 768 2678 Scripturae
797 2626 1006 2680 specimen
1037 2627 1154 2670 dedit
1182 2628 1360 2671 Lawlor
1390 2629 1473 2671 tab.
1500 2628 1542 2670 I.

517 2696 707 2739 Eaedem
746 2697 941 2740 lectiones
979 2699 1189 2753 multoque
1219 2700 1370 2754 plures
1409 2698 1593 2742 eiusdem
1629 2698 1800 2753 yeneris
1829 2698 1878 2742 in

375 2754 586 2798 codicibus
606 2756 795 2799 nonullis
815 2756 923 2799 libro
947 2757 1163 2811 primario
1184 2760 1228 2800 A
1249 2765 1302 2801 la
1327 2759 1434 2802 satis
1457 2757 1715 2812 propinquis
1739 2766 1938 2813 occur-140

375 2819 487 2868 runt,
522 2830 693 2869 cumque
723 2815 1041 2870 interpolatoris
1071 2832 1205 2860 manu
1235 2822 1417 2861 exarata
1447 2817 1517 2861 liic
1544 2817 1737 2860 exhibeat
1759 2831 1876 2861 voca·

376 2954 410 2992 1)
437 2956 494 2991 ‘N.
518 2956 640 2991 Areia!
664 2956 809 3000 XXIX,
828 2968 867 3000 p.
885 2958 1089 2994 445—463.
1170 2959 1208 3002 2)
1238 2959 1314 2995 Sor.
1336 2969 1408 2995 rer.
1431 2958 1628 3002 Meo-om.
1644 2958 1716 3000 IV,
1738 2969 1776 3002 p.
1794 2958 1876 2995 240.
