2008 3302
247 1982 294 2016 *μ
305 1984 346 2012 1·8.

373 293 420 328 28
500 338 504 342 .
660 290 827 336 IONAS,
846 289 1009 326 VITAE
1035 289 1342 326 COLUMBANI
1367 289 1511 326 LIBRI
1534 290 1587 327 H.

373 417 551 455 testatur
581 411 844 464 sacrificium
870 425 950 464 per
980 410 1219 453 ebrietatem
1259 415 1335 454 aut
1373 411 1646 455 voracitatem
1686 426 1877 456 evomens

374 473 714 526 neqleyenterque
760 469 976 512 dimittens
1022 474 1062 512 et
1100 469 1237 513 laicus
1277 484 1320 513 se
1359 470 1584 514 inebrians
1629 475 1706 514 aut
1743 484 1875 526 usque

373 533 433 574 ad
450 530 650 573 vomitum
680 531 948 572 manducans
979 533 1056 571 aut
1079 529 1235 573 bibens.
1295 529 1501 573 Convivia
1533 545 1625 574 cum
1657 529 1765 574 alibi
1785 534 1874 574 tum

372 591 494 632 iuoeta
524 590 637 642 fana
667 590 728 632 ad
757 590 980 632 daemones
1011 589 1203 631 colendos
1234 593 1310 632 aut
1341 589 1577 633 simulacra
1615 589 1875 634 honoranda

373 649 705 702 celebrabantur,
738 648 787 690 in
817 648 969 702 quibus
1010 647 1114 691 laici
1144 652 1349 702 quantum
1383 653 1584 703 poterant
1621 653 1662 692 et
1697 650 1875 693 mandu-

373 709 528 751 cabant
565 712 603 750 et
643 707 854 761 bibebant,
895 721 1144 761 mensaeque
1184 708 1503 751 daemoniorum
1541 709 1606 752 vel
1645 707 1876 752 christiani

371 767 621 820 interfuisse
659 767 858 810 videntur
895 767 1021 821 qulae
1060 766 1163 809 vitio
1204 767 1395 810 commoti
1409 768 1437 809 ¹.
1509 767 1707 822 Denique
1747 767 1876 812 etiam

372 827 576 870 haeretici
615 826 871 870 Columbano
901 826 1187 881 impuqnandi
1217 831 1354 880 erant,
1394 827 1597 882 inprimis
1625 826 1874 882 Bonosiaci,

372 900 617 940 erroresque
662 886 868 929 eiusmodi
913 900 1005 928 una
1051 900 1144 928 cum
1188 886 1437 930 idololatria
1486 886 1602 930 inter
1645 887 1876 932 Warascos

372 947 491 989 haud
512 946 666 1000 procul
696 960 724 987 a
755 945 949 988 Luxovio
980 945 1083 988 sitos
1113 945 1314 997 floruisse
1335 950 1498 989 constat
1511 948 1539 988 ².
1595 945 1874 991 Paenitentia

372 1005 676 1059 iniunqebatur
707 1019 790 1058 per
830 1004 919 1047 dies
962 1009 984 1046 7
1027 1005 1090 1047 vel
1131 1009 1186 1047 40
1229 1009 1304 1048 aut
1334 1020 1417 1059 per
1457 1019 1596 1049 annos
1633 1019 1768 1049 unwm
1808 1005 1874 1049 vel

363 1066 526 1119 plures,
559 1069 597 1107 et
627 1069 720 1107 erat
749 1079 842 1107 cum
864 1079 985 1119 pane
1016 1069 1055 1107 et
1085 1078 1199 1118 aqua
1229 1069 1269 1107 et
1297 1065 1386 1108 sale
1417 1069 1494 1108 aut
1522 1066 1677 1119 absque
1705 1064 1808 1108 vino
1837 1068 1878 1109 et

372 1138 514 1168 carne.
577 1124 652 1166 Ad
681 1138 774 1166 eam
805 1125 1129 1178 ayqravandam
1160 1124 1333 1166 exilium
1364 1125 1427 1167 vel
1448 1124 1743 1179 peregrinatio
1770 1123 1877 1169 addi

366 1188 579 1237 poterant.
662 1183 902 1226 Homicidii
949 1197 1067 1226 reum
1106 1188 1333 1237 praeterea
1375 1184 1628 1238 parentibus
1665 1183 1876 1238 perempti

371 1242 708 1296 satisfactionem
738 1243 912 1285 reddere
933 1257 1035 1296 opus
1056 1247 1159 1297 erat,
1181 1244 1426 1298 furtumque
1445 1243 1690 1298 frequenter
1707 1242 1878 1297 faciens

372 1302 509 1345 laicus
529 1317 616 1345 non
637 1306 736 1344 ante
755 1302 1124 1357 reconciliabatur,
1146 1317 1273 1357 quam
1290 1303 1553 1358 pauperibus
1573 1303 1877 1358 eleemosynam

373 1362 597 1416 epulasque
628 1362 838 1404 sacerdoti
861 1361 1174 1415 paenitentiam
1204 1362 1412 1406 indicenti
1442 1362 1635 1406 dedisset.
1699 1362 1750 1406 Si
1779 1362 1877 1417 quis

373 1421 509 1464 laicus
545 1420 792 1475 cupiditatis
833 1435 963 1464 causa
994 1421 1241 1475 peierasset,
1280 1422 1584 1477 yravissimam
1622 1421 1876 1466 sententiam

372 1480 550 1534 subibat,
582 1485 630 1522 ut
659 1494 727 1523 res
758 1480 895 1534 ipsius
925 1481 1207 1523 venderentur
1228 1481 1572 1536 pauperibusque
1597 1483 1874 1536 donarentur,

371 1540 462 1594 ipse
513 1544 653 1583 autem
703 1540 869 1583 saeculo
916 1540 1091 1583 dimisso
1137 1545 1283 1583 tonsus
1328 1555 1458 1595 usque
1504 1542 1565 1585 ad
1607 1546 1781 1585 mortem
1825 1541 1876 1585 in

371 1599 630 1642 monasterio
681 1599 869 1642 serviret.
954 1599 1106 1643 Laicis
1156 1604 1336 1654 tempore
1379 1600 1673 1655 paenitentiae
1722 1614 1877 1645 uxores

373 1673 616 1713 cognoscere
650 1673 737 1701 non
777 1659 939 1702 licebat.
1001 1659 1324 1703 Paenitentibus
1362 1661 1411 1703 in
1452 1660 1627 1704 ecclesia
1667 1664 1876 1704 extremus

373 1718 705 1761 christianorum
750 1720 853 1761 ordo
898 1720 1196 1762 reservabatur
1241 1724 1318 1763 aut
1360 1721 1472 1763 velut
1521 1719 1876 1765 communicantes

373 1792 466 1820 cum
496 1777 753 1821 Bonosiacis
783 1778 896 1821 inter
926 1779 1240 1822 catechumenos
1260 1784 1376 1822 stare
1397 1781 1662 1834 coqebantur,
1684 1778 1877 1835 separati

372 1839 425 1880 ab
451 1837 567 1880 aliis.
620 1838 827 1880 Absoluta
849 1837 1132 1892 paenitentia,
1165 1838 1326 1882 iudicio
1356 1838 1586 1883 sacerdotis
1615 1838 1667 1882 in
1699 1853 1876 1883 commu-

372 1897 542 1939 nionem
572 1896 888 1951 recipiebantur
917 1898 980 1940 vel
1011 1898 1145 1940 altari
1175 1898 1462 1953 iunyebantur
1474 1900 1503 1940 3.

518 1968 718 2011 *Librum
749 1969 922 2011 humero
953 1969 1099 2021 ferens
1137 1969 1423 2013 Columbanus
1455 1985 1538 2024 per
1568 1984 1701 2025 opaca
1739 1970 1877 2014 saltus

373 2028 644 2070 ambulabat4
676 2028 893 2082 legensque
925 2029 1082 2071 librum
1112 2029 1402 2083 reperiebatur
1433 2034 1471 2072 et
1510 2029 1560 2073 in
1601 2029 1714 2073 atrio
1756 2029 1876 2074 eccle·

372 2087 463 2130 siae
476 2087 492 2113 5
523 2091 562 2130 et
599 2087 649 2130 in
689 2101 837 2140 erem0,
875 2102 1052 2142 quercus
1087 2089 1328 2142 putrefacto
1368 2093 1517 2132 trunco
1530 2090 1546 2115 ⁶
1576 2090 1738 2133 sedens.
1801 2089 1877 2132 In-

364 2147 525 2200 primis
556 2147 877 2190 commentarios
907 2147 957 2190 in
997 2148 1255 2202 scripturam
1295 2163 1464 2192 sacram
1503 2148 1588 2192 sibi
1628 2163 1877 2204 comparare

375 2286 409 2331 1)
436 2287 489 2320 De
513 2288 692 2331 sacrificio
717 2288 910 2322 Suevorum
934 2288 1162 2323 daemoniaco
1185 2301 1214 2325 v.
1241 2300 1356 2333 supra
1375 2302 1415 2334 p.
1436 2291 1491 2326 17.
1589 2291 1627 2334 2)
1654 2290 1692 2326 V.
1719 2289 1875 2326 Columb.

372 2334 426 2377 II,
445 2335 478 2370 8.
553 2336 590 2380 3)
616 2335 887 2369 Paenitentialis
903 2337 997 2379 quod
1015 2336 1225 2370 Columbani
1238 2338 1380 2371 nomine
1400 2338 1659 2379 circumfertur
1673 2339 1878 2372 maa-imam

367 2385 512 2425 partem
537 2393 577 2416 re
601 2393 686 2416 vera
711 2384 827 2427 ipsius
850 2385 1010 2417 auctoris
1042 2395 1112 2418 esse
1145 2386 1240 2418 inter
1264 2387 1425 2419 saniores
1458 2387 1601 2419 criticos
1629 2386 1704 2419 iam
1727 2388 1876 2428 constat,

373 2439 555 2473 omnesque
590 2431 813 2463 contrariam
850 2430 1038 2464 Schmitze‘i'
1073 2433 1273 2474 opinionem
1310 2433 1370 2475 (cf.
1397 2443 1423 2468 e.
1447 2443 1504 2476 yr.
1531 2432 1653 2468 ‘Arda
1683 2433 1713 2474 f.
1738 2433 1875 2469 kathol.

373 2476 645 2510 Kirchenrecht’
670 2477 813 2520 XLIX,
838 2489 879 2521 p.
898 2479 1025 2522 3sqq.‚·
1058 2478 1200 2522 LXXI,
1223 2491 1263 2523 p.
1281 2481 1351 2515 436
1364 2481 1456 2524 sqq.)
1483 2479 1774 2524 improbaverunt
1806 2480 1875 2523 (cf,

374 2524 545 2566 Malnory
562 2525 585 2559 l.
603 2525 626 2560 l.
647 2535 687 2568 p.
707 2526 752 2561 70
765 2535 837 2568 sqq.
837 2528 870 2568 )‚
897 2536 1005 2568 quam
1024 2527 1131 2559 etiam
1156 2527 1195 2559 in
1219 2527 1414 2561 novissimo
1429 2527 1522 2571 quod
1536 2527 1647 2561 edidit
1671 2538 1773 2572 opere
1797 2528 1878 2562 ‘Die

375 2571 603 2606 Bussbu‘cher
643 2572 719 2605 und
759 2573 827 2606 das
868 2573 1083 2607 kanonische
1121 2574 1438 2617 Bussverfahren’,
1478 2575 1735 2619 Dusseldorpii
1771 2576 1875 2619 1898,

371 2631 408 2663 p.
429 2620 497 2655 146
509 2630 594 2664 sqq„
624 2621 860 2663 pertinaciter
884 2620 1049 2662 defendit.
1099 2621 1221 2665 Neque
1245 2632 1325 2656 vero
1349 2625 1442 2656 totus
1465 2622 1566 2665 liber,
1591 2634 1694 2667 quem
1718 2623 1874 2667 Seebass,

377 2667 559 2703 ‘Zeitschr.
586 2669 651 2710 fiir
675 2667 966 2710 Kirchenyesch!
983 2667 1093 2711 XIV,
1115 2679 1156 2712 p.
1173 2670 1383 2712 441—448,
1408 2670 1559 2703 ultimus
1581 2671 1703 2714 edidit,
1732 2671 1876 2705 Colum-

375 2715 465 2749 bano
491 2715 736 2748 attribuendus
769 2719 829 2757 est,
865 2715 924 2749 sed
957 2716 1152 2758 complures
1179 2721 1308 2760 partes
1331 2717 1604 2761 distinyuendae
1628 2721 1714 2752 sunt
1737 2729 1761 2753 a
1785 2729 1878 2753 com-

369 2762 524 2806 pilatore
548 2764 746 2806 posteriore
770 2763 810 2796 in
835 2773 948 2796 unum
974 2763 1149 2799 redactae.
1199 2764 1368 2798 Albertus
1393 2765 1534 2808 Hauelc,
1571 2766 1637 2810 qui
1658 2767 1698 2800 in
1722 2766 1877 2801 historia

378 2810 595 2843 Germaniae
616 2811 846 2844 ecclesiastica
863 2810 895 2853 I,
914 2822 953 2854 p.
972 2810 1077 2852 275³,
1102 2813 1338 2855 quaestionem
1359 2814 1475 2856 perite
1492 2815 1712 2858 retractavit,
1733 2817 1877 2858 partem

375 2858 529 2891 mediam
554 2868 578 2890 a
604 2858 783 2892 Seebassio
808 2858 930 2891 littera
947 2858 980 2892 B
996 2860 1178 2901 siynatam
1204 2859 1252 2892 ad
1276 2871 1303 2895 c.
1322 2861 1380 2896 25.
1405 2862 1549 2895 omnino
1570 2871 1783 2905 yet-mimam
1807 2871 1878 2896 esee

375 2910 465 2939 recte
499 2905 591 2938 mihi
623 2907 788 2940 statuisse
819 2906 968 2941 videtur.
1083 2906 1119 2951 4)
1154 2907 1194 2942 V.
1223 2906 1376 2943 Columb.
1403 2907 1434 2951 I,
1460 2910 1494 2944 8.
1601 2910 1638 2953 5)
1675 2908 1733 2945 Ib.
1759 2908 1791 2952 I,
1817 2909 1876 2946 20.

377 2952 413 2997 6)
440 2953 464 2986 I
468 2953 499 2988 b.
524 2953 557 2995 I,
574 2954 632 2989 28.

1901 962 1937 988 10

1900 2729 1938 2755 40

1902 2965 1940 2992 45
