2008 3302
1980 194 2001 221 ἓ,

408 275 480 310 110
696 270 863 316 IONAS,
881 270 1043 307 VITAE
1070 270 1375 307 GOLUMBANI
1399 270 1546 307 LIBRI
1569 270 1622 308 H.
1982 242 2007 383 ὶ-

405 393 584 447 scriptio
615 392 866 446 initiumque
897 396 1031 434 textus
1062 406 1155 434 cum
1186 391 1323 435 codice
1349 393 1628 446 praecedente
1659 390 1914 435 conveniunt
1987 390 2000 449 ἷ

407 458 533 506 atque
556 456 733 506 praeter
762 451 978 494 lectionem
1008 451 1116 494 satis
1146 465 1427 494 communem:
1991 467 1993 470 ⁴

467 513 506 565 I,
529 516 566 553 1.
629 507 908 567 linquerent]
942 511 1258 566 relinquerent
1288 510 1334 553 Β
1358 510 1411 553 lh

407 576 512 614 nota
543 570 803 614 recensionis
832 569 878 612 Β
908 569 1087 624 vestigia
1118 570 1335 613 observari
1367 569 1462 613 licet
1491 569 1580 613 vita
1610 573 1807 613 exeunte:
2002 564 2008 625 J

466 631 506 684 I,
525 634 596 672 30.
629 631 830 673 animam
862 630 1079 673 membris
1111 630 1309 673 solutam
1344 630 1472 673 eaelo
1503 626 1724 685 reddidit]
1759 629 1914 673 anima,
1937 644 1956 671 5
2004 630 2008 694 ζ

699 690 901 732 menbris
927 690 1092 741 soluta,
1118 704 1154 732 e.
1178 704 1213 731 r.
1237 690 1452 745 spiritum
1474 689 1519 731 Β
1533 689 1586 731 11ι
1607 703 1701 732 cum
1718 687 1847 732 Bia.
1870 692 1910 732 2.
1997 697 2008 746 .'

407 749 614 792 Attamen
639 753 737 803 post
765 748 877 791 diem
907 749 1202 791 emortualem:
1231 763 1354 792 nono
1380 749 1458 790 ΚΙ.
1487 749 1755 792 Decembris
1787 748 1914 791 codex
1995 754 2008 801 Ι

407 824 440 851 a
472 809 587 852 Iona
624 808 872 862 discrepans
910 808 960 851 in
999 808 1170 862 vulgari
1208 808 1432 862 doxoloyia
1463 807 1639 851 desinit:
1668 808 1913 864 Regnante
1998 802 2008 853 ῗῖ

413 869 601 911 domino
640 870 799 911 nostro
839 869 948 911 Iesu
981 867 1180 920 Christo,
1222 868 1303 923 qui
1340 882 1445 910 eum
1478 868 1616 911 Patre
1657 869 1706 911 et
1736 867 1915 924 Spiritu
1999 869 2008 904 ¹

409 932 573 971 saneto
606 929 720 970 vivit
752 930 800 970 et
831 930 997 983 regnat
1027 928 1077 969 in
1109 927 1266 970 secula
1296 927 1570 970 seculorum.
1633 928 1799 970 Amen.
1940 941 1976 968 ιο
1995 913 2008 939 ³¹

557 986 743 1029 Initium
781 987 990 1040 finemque
1029 990 1182 1040 royatu
1219 1000 1309 1029 meo
1350 985 1664 1039 officiosissime
1692 985 1918 1052 exscripsit

413 1046 568 1089 Petrus
619 1045 776 1099 Guidi,
829 1045 941 1088 vice·
953 1045 1296 1088 bibliothecarius
1343 1044 1522 1099 capituli
1566 1044 1794 1099 Lucensis,
1845 1044 1916 1088 vir
1994 1067 1995 1071 =

406 1104 801 1148 reverendissimus.

556 1164 602 1207 Β
622 1163 677 1218 li)
717 1164 856 1207 Codex
887 1163 1245 1207 Parisiensis
1275 1178 1318 1207 n.
1347 1168 1477 1218 3820,
1510 1163 1612 1207 olim
1647 1162 1916 1208 Golbertinus

408 1239 456 1267 an
484 1228 579 1278 152,
622 1223 774 1266 deinde
804 1223 968 1278 Regius
1005 1222 1051 1266 G.
1076 1228 1204 1266 3596.
1230 1227 1268 1277 7,
1310 1237 1419 1267 saec.
1449 1223 1584 1278 XIV,
1617 1223 1692 1277 fol.
1716 1227 1914 1277 69—70,
1941 1237 1978 1265 1⁶

423 1284 473 1326 V.
495 1283 685 1336 Bertulsi
702 1280 907 1337 (praescr.
917 1298 931 1325 .·
949 1283 1125 1339 Ineipit
1141 1284 1268 1326 beati
1286 1283 1546 1339 Bardulphi
1566 1284 1763 1335 abbatis,
1785 1283 1916 1326 ouius

409 1344 644 1386 festivitas
677 1343 939 1386 celebratur
969 1343 1156 1385 X11110.
1190 1343 1268 1385 Kl.
1301 1339 1601 1399 Septembris)
1631 1341 1796 1386 exhibet
1829 1356 1917 1386 mu·
1994 1389 1996 1402 ξ

412 1402 547 1456 tilam,
570 1401 729 1445 scilicet
743 1402 813 1455 II,
827 1406 897 1444 23.
921 1402 980 1445 ad
997 1403 1150 1445 verba:
1171 1403 1245 1445 Ad
1263 1403 1393 1445 euius
1414 1403 1660 1458 imperium
1681 1402 1916 1445 hominem

415 1462 741 1504 miserabiliter
782 1462 1083 1517 discrependo
1124 1462 1284 1517 iniqua
1315 1463 1459 1518 pestis
1498 1462 1636 1518 fugit,
1675 1460 1917 1515 insequente

413 1521 625 1564 Passione
655 1520 864 1563 Ludovici
894 1520 1091 1576 episcopi.
1149 1521 1333 1564 Sanctus
1363 1525 1605 1564 constanter
1633 1519 1918 1574 Bardusphus
1939 1535 1978 1562 no

411 1580 651 1635 appellatus
681 1584 743 1622 est
771 1580 983 1633 multaque
1014 1580 1222 1623 librarius
1243 1594 1408 1636 parum
1439 1584 1636 1624 accurate
1665 1579 1874 1624 tradidit:

475 1639 663 1693 aulicas]
697 1640 874 1694 aliquos
905 1639 950 1682 Β
970 1639 1024 1692 li,

475 1700 720 1755 perspexit,
754 1700 882 1741 nisus
914 1696 998 1755 est]
1034 1697 1090 1755 (p.
1125 1696 1221 1755 om.)
1252 1700 1376 1742 visus
1409 1702 1479 1742 est
1509 1698 1555 1742 Β
1575 1698 1630 1751 li,

473 1755 699 1814 tollendo]
732 1759 994 1801 tollerando
1024 1759 1070 1801 Β
1089 1758 1144 1811 li,

473 1815 594 1874 nisu]
630 1821 799 1861 conatu
830 1817 875 1860 Β
895 1817 951 1860 li.
1941 1830 1978 1858 ιε

422 1876 506 1920 Ver
508 1879 561 1920 ba
582 1879 641 1919 ad
655 1876 847 1932 priorem
866 1881 1022 1920 textum
1042 1877 1301 1932 spectantia:
1322 1879 1453 1921 euius
1474 1877 1685 1934 superius
1705 1873 1916 1934 (fecimus

410 1938 697 1980 mentionem
739 1933 834 1991 om)
866 1941 1092 1991 postquam
1133 1950 1316 1980 eoearare
1346 1937 1489 1992 coepit,
1533 1950 1631 1979 mox
1665 1935 1918 1991 resipiscens
1994 1938 1995 1941 ’

410 1996 576 2039 delevit.
640 1996 888 2038 Nonnullae
928 1996 1124 2039 lectiones
1162 1996 1211 2039 in
1252 1997 1327 2040 hoc
1367 1996 1506 2040 codice
1548 1995 1918 2051 deprehenduntur

412 2070 508 2099 cum
538 2055 583 2098 Β
603 2059 669 2097 la.
697 2057 720 2098 b
752 2055 1064 2099 convenientes:

474 2116 712 2171 praeclara
743 2111 851 2171 sint]
887 2130 952 2170 pr.
987 2118 1096 2158 sunt
1126 2115 1172 2159 B
1191 2115 1234 2158 li
1266 2129 1358 2159 cum
1388 2115 1434 2158 Β
1454 2119 1521 2158 1α.
1554 2116 1577 2158 b
1587 2129 1604 2170 ,·
1941 2129 1978 2156 ω

475 2170 614 2230 nune]
649 2189 727 2216 om.
761 2174 806 2216 Β
826 2174 869 2216 li
900 2188 993 2217 cum
1023 2174 1066 2216 A
1088 2175 1150 2218 lb.
1182 2175 1228 2217 Β
1248 2179 1314 2217 1α.
1348 2176 1398 2229 b,-

475 2231 613 2290 orbis]
648 2235 775 2277 urbis
806 2233 852 2275 Β
872 2233 915 2276 li
947 2248 1040 2277 cum
1071 2234 1114 2276 A
1135 2236 1198 2278 lb.
1230 2234 1276 2277 B
1297 2239 1363 2277 la.
1398 2235 1420 2278 b
1431 2249 1447 2288 ;

476 2290 788 2349 Viaturinum]
821 2293 867 2335 Β
887 2298 968 2346 la‚·
1008 2295 1295 2337 Maturinum
1328 2293 1373 2336 Β
1393 2294 1449 2337 li.

559 2352 756 2405 Inspexit
785 2353 846 2394 H.
872 2353 1062 2406 Lebeyue
1093 2368 1131 2395 v.
1164 2368 1198 2396 c.

558 2411 603 2453 Β
620 2409 662 2465 2)
700 2411 839 2454 Codex
866 2411 1144 2454 Romanus
1176 2412 1446 2455 bibliothecae
1476 2411 1710 2455 Vaticanae
1741 2426 1762 2454 e
1792 2410 1918 2454 libris
1941 2425 1977 2452 ³⁶

411 2470 590 2524 reyinae
617 2470 864 2513 Christinae
884 2485 927 2513 n.
955 2474 1067 2513 1025
1091 2470 1241 2524 (antea
1262 2486 1305 2514 n.
1327 2472 1476 2527 1284),
1499 2485 1606 2514 saec.
1634 2471 1692 2514 X.
1716 2484 1792 2525 ex„
1816 2470 1916 2514 olim

417 2530 462 2573 S.
492 2529 722 2572 Trinitatis
752 2529 1091 2583 Vindocinensis,
1133 2530 1243 2573 sicut
1279 2545 1333 2572 m.
1367 2545 1400 2573 s.
1434 2530 1583 2572 XIII.
1615 2530 1691 2583 fol.
1718 2534 1756 2572 l.
1787 2530 1916 2573 adno-

414 2589 532 2642 tavit,
585 2588 697 2631 inter
734 2588 960 2642 passiones
1004 2588 1195 2643 vitasque
1243 2594 1486 2633 sanctorum
1537 2590 1612 2642 fol.
1649 2592 1914 2632 157—174.

426 2649 475 2691 V.
515 2648 766 2691 Columbani
812 2648 1005 2701 continet,
1054 2662 1182 2702 quam
1227 2648 1276 2691 in
1320 2664 1444 2692 usum
1489 2649 1701 2692 societatis
1745 2653 1915 2692 nostrae

415 2709 477 2750 H.
505 2708 638 2750 Pabst
662 2708 697 2749 b.
725 2722 779 2749 m.
807 2723 847 2750 a.
876 2711 1004 2749 1869.
1031 2708 1351 2762 diliyentissime
1382 2709 1617 2752 contulerat
1629 2709 1656 2749 1.
1702 2708 1763 2751 In
1793 2708 1915 2751 later·
1939 2721 1977 2750 ιο

414 2768 508 2810 culo
549 2766 732 2820 capitum
773 2766 886 2809 tituli
921 2771 1107 2809 11-17.
1141 2767 1452 2822 desiderantur,
1493 2769 1568 2811 sed
1607 2771 1776 2810 2-17,
1816 2771 1915 2811 ante

413 2826 547 2869 vitam
577 2827 715 2880 ipsam
745 2827 819 2879 fol.
851 2827 962 2868 156¹.
995 2826 1141 2869 iterati
1170 2831 1282 2870 sunt.

417 2931 454 2977 1)
491 2932 547 2973 Cf.
584 2931 640 2967 (Ν.
667 2931 790 2967 Arch!
815 2931 868 2972 II,
895 2933 951 2967 34.
1001 2931 1113 2966 Locos
1147 2932 1282 2975 aliquot
1315 2932 1521 2976 nuperrime
1553 2932 1851 2967 comminaverunt
1884 2933 1915 2965 et
1990 2874 2008 2969 {-

414 2980 447 3015 Ι.
474 2979 651 3013 Schwazm
676 2984 707 3013 et
733 2979 768 3014 C.
795 2978 999 3014 Schellhass
1023 2980 1096 3013 viri
1119 2980 1322 3016 doctissimi.
1990 2970 2008 3023 3]

1986 3026 2008 3109 ,ι

1978 3117 2006 3302 ἒ
