2008 3302
428 239 598 285 IONAS,
615 239 778 276 VITAE
803 238 1112 276 GOLUMBANI
1135 237 1282 275 LIBRI
1306 238 1360 276 ΙΙ.
1603 242 1648 277 97

143 377 236 408 cum
266 367 421 406 textum
452 362 785 406 contaminatum
817 362 1072 415 contineant,
1114 362 1174 405 ad
1210 375 1355 405 veram
1395 361 1650 417 exemplaris

134 422 346 478 primarii
375 427 579 466 naturam
602 421 949 477 perspiciendam
978 421 1123 465 idonei
1153 421 1329 464 minime
1359 425 1496 465 erant.

27 536 62 563 ¹,
285 493 328 536 A
355 493 400 549 3)
442 493 582 537 Codex
613 492 910 536 Mettensis
950 507 994 536 n.
1029 497 1127 546 523,
1170 507 1278 535 saec.
1315 493 1405 535 XI.
1437 507 1515 547 ex„
1561 493 1648 546 for-

25 566 43 612 ῥ,
141 566 236 597 mae
266 557 448 607 octavae,
480 553 557 607 fol.
584 557 787 607 19—51,
826 553 870 596 V.
905 551 1155 596 Columbani
1186 552 1350 596 exhibet
1379 557 1419 595 et
1448 553 1648 596 laterculo

39 613 50 668 j
101 627 119 655 ο
142 612 327 668 capitum
373 617 411 656 et
459 611 878 668 praescriptionibus
928 611 1183 655 destitutam.
1263 611 1465 666 Sequitur
1511 613 1649 656 altera

52 720 54 722 ,
149 669 400 717 Columbani
430 673 519 715 vita
551 670 761 727 (praescr.
823 671 935 714 Vita
972 672 1122 714 sancti
1154 671 1433 715 Columbani
1464 672 1647 715 abbatis

32 720 58 789 fi
141 746 307 790 genere
330 733 502 776 Scotici
523 733 603 788 qui
623 732 673 774 in
697 732 942 774 Britannia
962 729 1238 787 requiescib)‚
1266 744 1373 785 quae
1394 731 1489 774 licet
1509 731 1649 774 sancti

140 791 277 836 nostri
296 791 435 835 verbis
458 789 594 846 (Ma.
616 792 700 858 Ep.
723 791 825 847 III,
852 794 949 845 176,
973 791 999 833 l.
1025 789 1100 846 37)
1124 791 1174 834 de
1202 790 1456 834 Columbani
1477 790 1647 834 nomine

51 866 62 886 ³
141 851 353 906 abutatur,
386 855 527 895 tamen
558 852 618 894 ad
646 851 787 917 ipsum
817 850 993 894 minime
1013 853 1181 904 spectat,
1214 851 1288 893 sed
1308 851 1367 893 ad
1386 850 1646 905 Hyensem.1

82 925 118 953 ιο
285 910 535 966 Scripturae
564 910 774 966 specimen
805 909 930 953 dedit
951 910 1130 953 Lawlor
1161 910 1243 952 tab.
1271 910 1313 953 I.

59 1039 62 1042 ᾗ
282 982 327 1026 A
344 982 409 1037 3¹)
464 981 636 1027 Codices
681 981 933 1025 monasterii
979 981 1264 1025 Runensis
1278 983 1293 1007 2
1341 980 1478 1035 (Rein
1513 995 1649 1037 prope

62 1095 65 1097 ,
146 1041 372 1086 G-ratwein
403 1043 453 1086 in
486 1041 657 1098 Styria)
690 1057 733 1085 n.
758 1046 828 1096 51,
870 1056 977 1085 saec.
1005 1041 1126 1084 XII.
1144 1055 1222 1095 ex„
1264 1041 1339 1094 fol.
1364 1041 1570 1095 31‘—70,
1611 1046 1651 1085 et

36 1148 43 1157 ι,
283 1100 431 1159 A3‘*)
471 1101 927 1156 Campililiensis
957 1115 1001 1144 n.
1027 1105 1096 1154 74,
1119 1115 1227 1144 saec.
1254 1101 1360 1155 XV,
1388 1101 1646 1155 chartaceus,

140 1161 252 1216 olim,
287 1160 550 1206 ‘monasterii
580 1165 753 1205 sanctae
784 1161 978 1204 Mariae'
993 1161 1021 1215 3,
1054 1161 1129 1214 fol.
1156 1159 1358 1215 73—88‘,

68 1234 116 1263 :1⁶
140 1235 234 1266 cum
266 1223 557 1276 praecedente,
605 1234 781 1276 quocum
827 1220 956 1264 etiam
996 1220 1220 1274 epistulam
1267 1220 1494 1275 continent,
1545 1222 1649 1264 adeo

141 1280 406 1335 conveniunt,
437 1285 485 1324 ut
515 1285 601 1324 tres
631 1281 771 1324 eodem
803 1281 889 1323 loco
920 1279 1038 1323 hient
1070 1279 1126 1334 (c.
1150 1279 1200 1334 2)
1232 1279 1476 1334 hiatumque
1508 1282 1647 1323 eodem

139 1341 260 1384 modo
280 1341 506 1396 suppleant
525 1339 582 1394 (c.
604 1339 704 1394 12),
702 1355 709 1362 ·
733 1340 945 1383 nonnulla
966 1353 1063 1382 vero
1084 1339 1205 1382 illius
1224 1341 1380 1383 menda
1401 1354 1453 1383 ex
1472 1340 1541 1382 his
1563 1353 1648 1383 cor-

41 1391 62 1426 ss·
140 1399 228 1456 riyi
259 1399 356 1444 licet
384 1399 571 1454 liberque
602 1399 811 1443 recentior
830 1398 1097 1442 vetustiorem
1118 1413 1440 1453 nonnumquam
1461 1403 1645 1453 superat.

34 1455 56 1514 ³3
293 1459 524 1515 Utrumque
539 1459 697 1503 librum
722 1458 1031 1503 Wratislaviae
1047 1463 1233 1502 tractare
1248 1458 1382 1525 potui,
1405 1458 1648 1512 faventibus

43 1525 116 1562 so
140 1519 473 1564 bibliothecariis
497 1519 550 1562 P.
573 1519 631 1562 A.
662 1518 804 1563 Weiss
834 1522 873 1562 et
902 1518 956 1561 P.
992 1518 1141 1573 Wrba,
1174 1518 1284 1561 viris
1314 1517 1646 1562 revendissimis.

43 1614 56 1627 -·
282 1591 327 1634 A
343 1595 369 1634 3
374 1591 412 1647 )
452 1590 593 1636 Codex
622 1591 691 1634 Tr
703 1604 953 1634 evoricus
982 1589 1211 1634 seminarii
1240 1589 1494 1646 episcopalis
1523 1605 1567 1633 n.
1591 1594 1646 1632 36

37 1650 75 1701 ἐ-
141 1649 373 1706 (αηίεα,Β
413 1666 456 1694 n.
501 1651 542 1705 I,
579 1649 666 1706 12),
707 1665 816 1694 saec.
852 1649 1003 1704 XIII,
1046 1649 1285 1704 leqendarii
1323 1650 1369 1693 S.
1402 1649 1649 1693 Maximini

37 1741 44 1749 ·
140 1715 274 1755 tomus
302 1725 486 1755 mensem
518 1711 797 1754 Novembrem
838 1710 1190 1764 comprehendens
1202 1710 1231 1764 4,
1272 1709 1348 1763 fol.
1375 1710 1646 1760 116—132‘,

149 1771 199 1814 V.
229 1769 481 1815 Columbani
520 1774 677 1814 textum
716 1785 808 1813 una
848 1784 941 1813 cum
980 1769 1162 1824 epistula
1197 1769 1361 1812 exhibet
1390 1771 1567 1812 eundem
1597 1783 1649 1812 ex

35 1827 54 1862 ’ἴ
81 1843 116 1870 25
138 1843 221 1885 quo
251 1829 381 1874 editio
410 1829 633 1885 Fleminqi
655 1831 827 1886 pendet,
861 1830 911 1872 de
935 1842 1028 1887 ‘qua
1058 1844 1096 1872 v.
1128 1828 1255 1882 infra
1277 1844 1326 1883 p.
1353 1832 1451 1872 141.

48 1939 55 1954 .
283 1889 423 1945 A3‘*)
452 1889 593 1934 Codex
614 1888 1014 1943 Parisiensis5,
1041 1887 1194 1932 ‘Noua
1222 1902 1312 1943 acq.
1341 1888 1428 1931 lat!
1453 1903 1497 1931 n.
1519 1893 1646 1942 1836,

47 1959 54 1987 ί
140 1954 268 1993 antea
298 1949 581 1993 Monacensis
612 1949 882 1993 bibliothecae
920 1948 1332 1992 Goerresianae
1363 1962 1406 1990 n.
1435 1952 1504 2002 72,
1538 1962 1646 1991 saec.

143 2009 302 2064 XIII,
354 2009 455 2052 olim
499 2008 751 2052 monasterii
799 2009 844 2052 S.
877 2007 1059 2051 Mariae
1104 2007 1507 2051 Himmenrodensis
1554 2008 1645 2050 ord.

46 2084 64 2127 ζ,
148 2068 334 2124 Οἰείενσ.,
361 2069 488 2112 dioec.
513 2068 774 2122 Trevericae,
799 2068 874 2121 fol.
899 2071 1097 2121 61-80,
1131 2068 1181 2111 V.
1214 2067 1466 2111 Columbani
1491 2067 1648 2110 librum

44 2130 61 2163 ’ἢ
82 2139 116 2166 so
132 2128 326 2183 priorem
346 2128 522 2182 exhibet,
543 2127 757 2183 incipiens
778 2128 933 2182 absque
954 2126 1135 2182 epistula
1157 2131 1196 2170 et
1215 2126 1415 2170 laterculo
1441 2126 1648 2181 capitum:

48 2219 57 2238 ,-
140 2189 367 2245 Ptologus
407 2189 456 2230 in
497 2189 642 2231 vitam
696 2188 846 2230 saneizi
888 2187 1166 2230 Oolumbani
1216 2187 1398 2230 abbaffis
1449 2189 1497 2230 et
1545 2201 1647 2230 con-

139 2249 340 2292 fessoris.
396 2248 687 2290 Rutilanizem
722 2245 745 2301 (
740 2247 780 2301 I,
806 2245 865 2302 1).
921 2246 1290 2301 Praescriptiones
1321 2245 1507 2300 capitum
1535 2260 1647 2289 mar-

54 2324 58 2359 g
137 2307 312 2363 qinibus
342 2307 515 2351 additae
540 2322 620 2362 per
647 2306 950 2362 glutinatorem
972 2306 1140 2360 partim
1163 2306 1400 2360 perierunt.

8 2398 9 2418 ÷
48 2365 62 2411 ³.
284 2367 328 2410 A
345 2366 452 2422 3***)
487 2366 627 2411 Codex
651 2365 980 2409 Trevericus
1006 2365 1276 2409 bibliothecae
1301 2365 1499 2409 ecclesiae
1515 2365 1648 2409 cathe-

7 2422 9 2427 ’
49 2436 116 2471 ,2⁸⁶
141 2426 280 2470 dralis
310 2441 354 2470 n.
377 2431 471 2481 930‘,
505 2441 613 2470 saec.
643 2426 762 2480 XII,
797 2425 896 2468 olim
927 2425 1178 2469 monasterii
1203 2426 1247 2469 S.
1270 2425 1471 2468 Mathiae
1498 2422 1648 2477 (‘alias

140 2486 210 2529 M.
244 2487 285 2530 I.
319 2487 378 2530 N.
415 2491 482 2540 14,
523 2486 645 2529 modo
678 2486 778 2528 308⁹
810 2500 865 2528 m.
898 2500 931 2528 s.
968 2485 1166 2528 XVIII.
1209 2485 1283 2538 fol.
1308 2489 1348 2527 2.
1390 2484 1646 2540 adnotavit),

10 2586 11 2593 ,
59 2555 61 2558 ⁴
141 2547 253 2600 quod
273 2546 419 2601 primo
453 2546 498 2590 S.
518 2545 742 2589 Euchario
775 2545 962 2588 dicatum
986 2549 1090 2599 erat,
1122 2546 1235 2588 unde
1260 2544 1406 2587 ultimo
1432 2545 1507 2598 fol.
1533 2543 1646 2586 109‘.

141 2605 244 2649 haec
273 2621 407 2649 manu
437 2620 545 2649 saec.
568 2605 688 2648 XII.
715 2605 840 2648 illata
865 2609 987 2647 sunt:
1018 2605 1226 2648 Libellus
1252 2606 1402 2647 sancti
1428 2605 1648 2647 Eucharii

57 2749 59 2754 .
143 2723 179 2767 1)
218 2723 274 2766 Cf.
302 2723 395 2759 Bibl.
421 2723 583 2766 haqioyr.
610 2722 671 2758 lat.
697 2733 732 2758 n.
753 2723 856 2758 1889.
968 2723 1005 2766 2)
1042 2722 1098 2764 Cf.
1125 2722 1246 2756 Xenia
1271 2721 1509 2755 Rern-ardina
1533 2720 1585 2762 II,
1614 2721 1646 2763 1,

82 2781 118 2807 ιο
136 2781 176 2814 p.
194 2773 251 2807 35.
326 2771 362 2815 3)
393 2770 516 2804 ‘Klein
541 2770 774 2810 Mariazell’;
799 2781 829 2804 v.
854 2769 899 2804 ib.
923 2781 960 2814 p.
979 2771 1060 2806 507.
1134 2770 1170 2812 4)
1196 2769 1253 2811 Cf.
1280 2768 1337 2807 ‘N.
1355 2767 1479 2803 Arch!
1497 2767 1647 2810 XVIII,

136 2829 176 2862 p·
195 2819 276 2854 628.
383 2820 418 2861 5)
443 2818 498 2861 Cf.
523 2817 571 2853 H.
602 2816 736 2861 Omont,
764 2815 1022 2861 ‘Bibliotheque
1046 2817 1087 2850 de
1111 2817 1225 2851 l’e'cole
1248 2817 1308 2850 des
1333 2814 1483 2850 chartes'
1507 2815 1648 2859 (1903),

141 2865 286 2909 LXIV,
305 2877 344 2910 p.
363 2867 421 2910 27,
458 2869 488 2899 et
513 2864 662 2899 ‘Notices
695 2869 726 2899 et
750 2865 903 2899 extraits
935 2865 996 2899 des
1027 2865 1247 2899 manuscrits
1281 2864 1322 2898 de
1346 2864 1384 2898 la
1408 2862 1648 2907 Bibliotheque

142 2914 336 2948 nationale’
360 2913 589 2956 XXXVIII,
609 2914 628 2949 1
655 2913 793 2956 (1903),
813 2923 852 2957 Ρ.
870 2913 1089 2948 363-366.

213 2985 311 3013 Ionas.
1363 2971 1384 3006 7
