2008 3302
373 303 419 339 26
657 299 824 346 IONAS,
842 298 1007 336 VITAE
1033 296 1343 335 GOLUMBANI
1367 295 1513 332 LIBRI
1533 295 1587 334 Π.

373 423 609 476 diebantur,
651 423 711 464 ad
749 422 929 465 alteram
968 434 1065 464 vero
1097 419 1358 475 puryatione
1403 418 1616 462 vitiorum.
1689 418 1876 463 Satietas

371 487 494 536 atque
525 481 705 524 ebrietas
744 479 975 534 fuyiendae
1012 484 1148 533 erant,
1196 478 1392 532 cibusque
1437 478 1536 521 vilis
1581 492 1634 522 ex
1677 477 1872 534 oleri-bus,

372 541 662 595 lequminibus,
695 539 852 593 farina
882 539 1009 593 aquis
1038 539 1174 582 mixta
1199 538 1450 582 consistebat
1479 552 1572 581 cum
1594 552 1734 592 parvo
1755 552 1875 593 pane

362 599 605 655 paximatio
638 597 808 651 (Germ.
834 598 1121 654 ‘Zwiebaclc’)‚
1155 613 1207 641 ne
1237 602 1380 641 venter
1410 602 1662 641 oneraretur
1688 601 1727 641 et
1755 610 1876 642 mens

370 659 663 712 suffocaretur.
716 659 785 702 De
816 673 945 702 carne
975 657 1111 712 iyitur
1138 658 1422 701 Columbanus
1442 671 1495 700 ne
1515 658 1686 701 verbum
1705 656 1874 712 quidem
1898 671 1916 700 ο

369 719 496 773 fecit,·
542 733 634 762 cum
676 722 816 761 autem
857 722 1012 761 constet
1044 718 1203 761 Scottos
1233 716 1426 771 piscatui
1457 718 1683 760 admodum
1714 716 1875 760 deditos

369 778 516 832 fuisse,
549 792 636 821 non
666 777 759 821 sine
790 792 921 820 causa
952 777 1193 821 conclusum
1224 781 1294 831 est,
1331 776 1535 819 maiorem
1565 775 1701 820 victus
1730 789 1874 820 eorum

360 842 532 892 partem
565 837 758 892 piscibus
789 837 1023 880 constitisse
1036 837 1063 878 1.
1135 836 1298 880 Cotidie
1332 835 1616 879 ieiunandum
1656 839 1761 891 erat,
1800 836 1876 879 sed

370 898 612 951 cavendum,
655 911 707 939 ne
739 896 998 939 abstinentia
1028 897 1197 939 modum
1236 897 1436 940 excedens
1466 895 1710 951 profectum
1747 894 1874 950 spiri·

369 957 524 999 tualem
553 956 788 1010 impediret.
852 956 977 999 Inter
1006 955 1126 1010 vitia,
1168 956 1219 998 de
1253 955 1406 1010 quibus
1436 959 1523 998 octo
1555 954 1875 1010 principalibus
1899 964 1935 997 ιο

375 1015 661 1059 Golumbanus
701 1029 934 1058 sermonem
966 1015 1231 1069 peculiarem
1271 1014 1416 1069 edidit,
1463 1027 1584 1069 quem
1625 1013 1748 1058 tertio
1786 1015 1874 1058 loco

370 1074 503 1118 ‘Ordo
542 1075 682 1118 sancti
718 1075 970 1118 Columbani
1010 1075 1176 1118 abbatis
1216 1076 1266 1118 de
1305 1074 1395 1117 vita
1441 1078 1480 1117 et
1523 1073 1690 1117 actione
1730 1086 1874 1117 mona-

368 1134 552 1177 chorum’
587 1134 770 1177 continet
782 1136 808 1188 2,
842 1149 971 1188 quam
991 1134 1176 1178 maxime
1197 1134 1547 1187 abhorrebantur,
1580 1133 1732 1188 quibus
1763 1134 1874 1177 bona

368 1193 513 1237 omnia
543 1194 903 1248 interimerentur,
936 1194 1108 1238 vanitas
1139 1198 1179 1237 et
1205 1193 1407 1249 yloriatio
1438 1194 1564 1236 elata.
1617 1193 1694 1236 Ad
1721 1192 1874 1237 discer-

367 1255 510 1296 nenda
551 1255 660 1296 bona
700 1258 740 1297 et
778 1254 896 1297 mala
937 1253 1168 1297 discrimen
1206 1253 1426 1297 monachis
1462 1252 1751 1296 necessarium
1781 1256 1876 1296 erat
1900 1267 1934 1294 ιο

367 1317 406 1356 et
443 1313 647 1367 inprimis
687 1315 931 1366 cavendum,
976 1328 1029 1356 ne
1068 1315 1193 1356 rebus
1233 1317 1310 1356 aut
1346 1312 1544 1356 secundis
1584 1311 1768 1356 nimium
1807 1325 1873 1356 ea:-

368 1372 612 1415 tollerentur
657 1377 733 1415 aut
778 1372 971 1415 adversis
1021 1373 1202 1415 nimium
1255 1372 1604 1426 deprimerentur.
1675 1371 1874 1426 Denique

367 1432 566 1486 synaxim
581 1432 647 1475 vel
662 1446 831 1475 cursum
843 1433 1111 1486 psalmorum
1127 1437 1167 1475 et
1180 1432 1422 1475 orationum
1437 1432 1606 1474 modum
1622 1431 1874 1475 canonicum

366 1490 455 1533 ritu
485 1491 701 1534 seniorum
731 1505 904 1535 suorum
943 1491 1228 1535 Columbanus
1257 1491 1322 1534 ita
1352 1491 1608 1546 instituerat,
1649 1495 1698 1534 ut
1727 1490 1872 1546 primo

367 1549 480 1593 inter
510 1550 882 1594 reverendissimos
913 1551 1147 1594 dominicos
1172 1551 1397 1594 sabbatave
1418 1555 1541 1605 atque
1562 1550 1757 1604 officium
1777 1549 1872 1594 coti-
1897 1567 1934 1594 so

367 1609 547 1652 dianum
563 1609 851 1665 distinyueret,
869 1610 1021 1654 deinde
1036 1611 1162 1654 etiam
1179 1615 1408 1665 temporum
1424 1609 1648 1664 qualitatis
1662 1610 1872 1656 rationem

366 1668 548 1712 haberet.
619 1669 781 1713 Cursus
794 1671 810 1696 ³
849 1670 962 1713 enim
1002 1670 1169 1725 lonyior
1202 1685 1286 1725 per
1324 1671 1474 1724 lonyas
1513 1674 1663 1724 noctes,
1706 1669 1873 1713 brevior

357 1742 441 1782 per
472 1729 613 1772 breves
643 1743 729 1772 esse
760 1729 800 1772 ei
830 1729 948 1773 visus
978 1734 1082 1773 erat.
1142 1731 1284 1784 Quare
1309 1744 1360 1773 ex
1392 1730 1531 1773 VIII.
1554 1729 1640 1772 kal.
1663 1729 1750 1773 Iul.
1777 1743 1870 1773 cum

366 1787 501 1831 noctis
532 1793 754 1843 auymento
784 1789 940 1832 sensim
982 1803 1164 1832 crescere
1204 1789 1345 1844 coepit,
1387 1789 1518 1842 finita
1558 1793 1698 1832 autem
1736 1789 1872 1832 hieme

1988 678 1999 714 ‘3

1989 829 2008 1258 ,ξε

2002 1259 2008 1294 ¹

2004 1299 2008 1360 Ι

2002 1361 2008 1471 ἔ

1998 1473 2008 1550 2³

1998 1611 2008 1660 7!

2000 1661 2008 1708 ³!

2005 1709 2008 1727 1

365 1861 418 1890 eoe
448 1848 588 1890 VIII.
612 1849 698 1891 kal.
725 1849 834 1902 Apr.
858 1863 943 1903 per
972 1862 1046 1892 ver
1075 1849 1234 1892 sensim
1265 1850 1511 1892 decrescere.
1571 1848 1701 1904 Oriyo
1722 1862 1872 1893 cursus
1896 1864 1932 1891 πο
1999 1910 2003 1912 V

367 1907 602 1950 Scottorum
634 1908 809 1962 proprii
840 1910 900 1951 ad
929 1909 1092 1951 beatum
1123 1909 1329 1952 Marcum
1359 1908 1541 1951 saeculis
1562 1907 1872 1963 posterioribus

364 1966 502 2009 relata
543 1971 614 2019 est,
655 1968 766 2010 sicut
795 1972 942 2011 auctor
971 1967 1140 2023 iynotus
1180 1967 1281 2011 libri
1312 1968 1362 2011 de
1394 1981 1593 2011 cursuum
1624 1967 1871 2012 ecclesiasti-

365 2040 509 2068 corum
541 2026 707 2081 oriyine
738 2031 916 2070 testatur
945 2027 1014 2070 his
1044 2027 1236 2071 verbis4:

365 2155 400 2195 1)
432 2155 489 2196 Cf.
514 2155 692 2199 Rettberq,
720 2155 1007 2200 ‘Kirchenqesclu
1030 2155 1304 2191 Deutschlands’
1322 2157 1376 2201 II,
1395 2158 1476 2195 680.
1550 2156 1588 2203 2)
1614 2156 1675 2191 Ita
1699 2160 1872 2201 quattuor
1921 2175 1924 2179 -

365 2202 577 2236 Columbani
608 2213 785 2237 sermones
818 2204 1003 2248 inscripsit
1038 2205 1152 2238 editor
1185 2205 1400 2239 novissimus
1433 2204 1578 2239 Seebass
1611 2203 1816 2248 (¹Zectschr.
1840 2205 1868 2247 f.
1895 2214 1931 2240 ³0

364 2250 650 2293 Kirchenqesch!
686 2251 797 2295 XIV,
829 2262 869 2295 p.
897 2253 943 2288 78
958 2254 1063 2296 θρα).
1127 2252 1365 2287 collectionem
1401 2262 1605 2287 sermonum
1641 2262 1731 2297 quae
1767 2252 1871 2286 titulo

365 2298 637 2332 ‘Instructiones
679 2298 897 2333 Columbani’
939 2300 1259 2343 circumferebatur
1299 2301 1374 2345 ipsi
1415 2301 1506 2335 male
1547 2299 1759 2334 attributam
1799 2309 1870 2334 esse

362 2348 540 2379 statuerat
580 2347 625 2381 A.
657 2345 789 2380 Hauck
828 2347 1031 2390 (‘Zeitschr.
1067 2349 1094 2391 f.
1129 2348 1259 2384 kirchl.
1293 2348 1502 2382 Wissensch.
1543 2347 1620 2382 und
1659 2346 1871 2382 kirchliohee

363 2392 500 2436 Leben',
528 2394 577 2429 ed.
604 2394 798 2438 Luthardt,
825 2394 973 2439 Lipsiae
999 2397 1103 2439 1885,
1133 2407 1174 2440 p.
1191 2397 1311 2432 357-
1320 2397 1421 2439 364),
1457 2396 1540 2430 bene
1573 2395 1868 2439 animadvertens,

363 2441 428 2484 qui
452 2441 492 2473 in
516 2441 750 2475 instructione
769 2443 925 2476 secunda
941 2442 1082 2487 (Miyne
1098 2443 1258 2487 LXXX,
1286 2445 1348 2479 col.
1366 2445 1456 2482 233)
1481 2443 1677 2478 celebratur
1693 2441 1870 2477 Faustum
1894 2451 1930 2479 ⁸5

363 2497 436 2521 non
460 2498 531 2522 esse
556 2488 776 2531 Comyallum
804 2490 1016 2524 Columbani
1042 2495 1321 2535 praeceptorem,
1355 2491 1415 2526 sed
1438 2491 1620 2526 Reiensem
1654 2491 1759 2524 illum
1787 2490 1869 2524 cele·

364 2535 569 2571 berrimum.
619 2537 785 2570 Attamen
815 2548 885 2581 per
909 2538 1131 2572 Seebassium
1156 2539 1356 2583 (‘Zeitschr.
1383 2540 1410 2582 f.
1436 2538 1725 2582 Kirchenyesch!
1751 2537 1867 2582 XIII,

357 2594 397 2627 p·
417 2585 487 2619 513
500 2585 591 2627 sqq.)
616 2587 786 2627 quattuor
810 2596 895 2629 quos
919 2586 1003 2619 disci
1025 2597 1202 2621 sermones
1219 2586 1436 2621 Columbano
1457 2590 1579 2621 nostro
1600 2588 1731 2620 iterum
1752 2585 1869 2620 vindi-

364 2632 436 2664 cati
473 2635 578 2674 sunt,
619 2633 826 2666 assentiente
865 2633 981 2667 eodem
1022 2634 1067 2670 A.
1105 2634 1247 2678 Hamk,
1291 2633 1591 2678 ‘Kirchenyeschl
1627 2633 1660 2678 I,
1697 2644 1736 2678 p.
1762 2633 1868 2670 261³.

363 2677 399 2724 3)
426 2678 558 2712 Locum
583 2679 766 2722 difficilem
791 2681 936 2724 reyulae
954 2681 1259 2716 Columbanianae
1283 2683 1539 2726 interpretatus
1559 2682 1602 2716 de
1621 2691 1750 2716 cursus
1764 2681 1870 2726 psal·
1893 2690 1930 2716 40

363 2737 504 2760 morum
529 2727 670 2760 ratione
696 2728 766 2770 eqit
794 2728 835 2763 G.
857 2728 990 2772 Morin,
1019 2729 1264 2773 ‘Explication
1290 2730 1379 2764 d’un
1400 2739 1554 2775 passaye
1577 2729 1619 2763 de
1645 2729 1682 2762 la
1706 2728 1803 2772 reyle
1826 2729 1868 2762 de

362 2775 459 2807 saint
478 2774 666 2808 Colomban
692 2775 821 2818 relatis
842 2775 865 2808 ὰ
892 2776 1018 2819 l’offi'ce
1042 2778 1103 2810 des
1119 2779 1251 2812 moines
1275 2777 1450 2822 celtiques’
1466 2777 1614 2821 (‘Revue
1630 2775 1867 2820 Benedictine,

362 2821 578 2856 Maredsous
596 2822 712 2863 1895ss
730 2823 822 2866 XII,
844 2834 883 2867 p.
903 2825 973 2860 200
985 2835 1035 2868 sq.
1036 2827 1067 2868 ).
1145 2824 1183 2870 4)
1210 2825 1279 2861 Ed.
1298 2825 1461 2859 Haddan
1477 2828 1508 2859 et
1524 2823 1662 2868 stubbs,
1689 2823 1869 2858 ‘Gouneils

363 2870 438 2902 and
471 2870 716 2904 ecelesiastical
748 2871 949 2905 documents
982 2872 1137 2916 relatiny
1162 2877 1197 2906 to
1225 2873 1337 2907 Great
1362 2873 1511 2907 Britain
1546 2873 1621 2906 and
1643 2871 1808 2906 Ireland’
1833 2871 1867 2915 I,

356 2927 396 2960 p.
418 2919 497 2953 139.
535 2918 680 2960 Auctor,
708 2920 772 2961 qui
794 2920 886 2952 vitas
911 2918 1095 2963 Germani,
1121 2920 1232 2964 Lupi,
1261 2920 1481 2964 Columbani,
1507 2920 1683 2963 Eudami,
1709 2919 1868 2954 Athalae
1891 2927 1928 2954 45

361 2965 504 3008 Ζερεναΐ,
544 2965 738 2999 monachus
776 2970 853 3000 erat
889 2968 983 3000 ritui
1013 2967 1211 3002 Hibernico
1246 2969 1410 3002 addictus
1447 2977 1596 3012 aevoque
1628 2966 1868 3010 Karolinyt‘co
