2008 3302
414 302 460 337 52
700 297 868 342 IONAS,
885 295 1049 332 VITAE
1075 295 1381 332 GOLUMBANI
1406 294 1551 332 LIBRI
1575 296 1628 334 ΙΙ.

414 425 586 464 sanctus
606 419 880 473 requieverat,
903 417 1258 460 commemorandi
1277 422 1388 471 sunt,
1411 418 1570 462 scilicet
1596 418 1915 474 Ohaqnoaldus,

415 479 763 532 Burqundofara
793 481 832 519 et
860 476 954 519 sine
984 476 1111 519 dubio
1141 475 1498 531 Burqundofaro.
1561 479 1634 521 Ex
1673 479 1742 522 his
1779 478 1919 535 Ghaffl

416 540 608 592 noaldus,
645 536 725 592 qui
760 535 958 578 minister
996 535 1248 579 Oolumbani
1286 537 1335 579 in
1375 537 1508 580 locum
1539 537 1792 593 Domoalis¹
1831 552 1919 582 suc-

417 602 608 650 cesserat,
642 596 733 639 eius
764 595 1121 639 conversationem
1153 595 1201 638 in
1221 597 1382 639 deserto
1403 597 1694 641 Alamannico
1725 601 1920 652 expertus

417 661 511 700 erat
521 658 548 710 2,
591 660 629 700 et
660 655 892 710 praecipue
923 668 1031 708 quae
1061 659 1207 698 sancto
1238 656 1472 699 blanditiae
1495 671 1576 711 per
1606 657 1836 700 animalia
1851 657 1920 700 sil·
1943 672 1962 700 ⁶

417 716 574 760 cestria
605 715 816 758 eoehibitae
846 718 993 768 essent,
1026 714 1163 758 Ionae
1193 715 1360 758 curioso
1391 716 1615 759 enarravit
1626 718 1654 771 ³,
1693 721 1922 773 antequam

419 791 451 820 c.
486 791 525 819 a.
551 773 700 831 632J3.
733 778 923 816 mortuus
952 778 1024 816 est.

562 835 716 889 Itaque
742 834 1010 888 bioqraphus,
1043 833 1139 876 licet
1164 834 1468 878 Columbanum
1498 835 1588 890 ipse
1618 849 1707 879 non
1735 831 1920 890 vidisset,

419 900 562 938 tamen
601 895 651 937 de
686 895 810 936 rebus
841 893 894 935 ab
925 907 971 935 eo
1001 892 1052 936 in
1089 893 1240 936 Gallia
1270 894 1486 949 Italiaque
1522 895 1652 950 qestis
1682 908 1766 950 per
1803 898 1924 939 testes

420 955 606 998 oculatos
645 953 795 1007 optime
835 952 1068 995 instructus
1113 967 1201 996 esse
1237 958 1418 1007 poterat.
1491 954 1739 1009 Discipulos
1783 958 1924 998 autem
1948 971 1983 998 ιο

421 1018 721 1066 sectatoresque
752 1011 904 1066 sancti,
937 1013 988 1054 de
1018 1011 1171 1066 quibus
1200 1012 1249 1055 in
1280 1014 1413 1056 altero
1435 1014 1546 1057 libro
1569 1014 1740 1068 rettulit,
1765 1014 1924 1070 pleros-

421 1087 500 1128 que
531 1086 616 1115 non
648 1073 782 1114 solum
812 1071 902 1125 ipse
931 1071 1109 1126 viderat,
1142 1073 1217 1115 sed
1245 1072 1374 1116 etiam
1406 1073 1578 1117 diutina
1609 1073 1925 1118 conversatione

422 1136 616 1187 ewpertus
646 1136 748 1174 erat.
812 1131 1051 1174 Materiam
1082 1131 1212 1174 huius
1241 1131 1345 1175 libri
1375 1132 1438 1176 ita
1469 1132 1689 1188 disposuit,
1721 1137 1770 1176 ut

567 1206 600 1234 c.
629 1195 760 1233 1--6.
794 1192 845 1233 de
875 1191 1040 1233 Athala
1070 1192 1219 1234 abbate
1249 1191 1467 1247 Bobiensi,

568 1265 600 1294 c.
627 1255 786 1292 7—10.
818 1251 870 1293 de
899 1250 1104 1293 Eustasio
1136 1252 1284 1294 abbate
1315 1252 1589 1307 Luxoviensi,
1951 1267 1986 1294 ιο

568 1325 602 1353 c.
629 1314 820 1352 11—22.
854 1311 904 1352 de
934 1309 1158 1353 miraculis
1187 1311 1558 1366 Evoriaoensibm,

569 1384 602 1413 c.
626 1374 696 1412 23.
730 1371 779 1412 de
809 1369 1009 1422 Bertulfo
1040 1370 1188 1413 abbate
1218 1370 1436 1425 Bobiensi,

569 1444 603 1472 c.
627 1433 696 1472 24.
731 1433 799 1471 25.
834 1430 884 1471 de
914 1428 1139 1472 miraculis
1173 1444 1202 1471 a
1236 1430 1456 1473 monachis
1485 1430 1771 1475 Bobiensibus
1797 1430 1929 1486 qestis

426 1488 673 1543 disputaret.
739 1489 825 1531 Sub
857 1489 1023 1531 Athala
1052 1489 1309 1532 monasterio
1339 1490 1582 1544 adscriptus
1610 1490 1928 1545 ministerioque

426 1547 593 1592 abbatis
623 1547 850 1591 adiunctus
880 1547 1102 1590 historiam
1128 1548 1383 1592 Bobiensem
1406 1564 1536 1604 usque
1567 1552 1627 1593 ad
1655 1565 1697 1594 a.
1721 1554 1822 1593 628.
1845 1563 1930 1606 per
1951 1565 1988 1592 πο

426 1607 675 1651 decennium
715 1607 832 1650 testis
872 1608 1062 1650 oculatus
1106 1608 1334 1651 memoriae
1379 1609 1574 1664 tradidit,
1620 1609 1790 1664 ipseque
1835 1623 1928 1653 oum

426 1668 615 1720 fratrum
654 1667 914 1720 reliquorum
954 1671 1041 1710 tum
1081 1667 1149 1709 sui
1186 1668 1325 1721 ipsius
1363 1668 1645 1712 testimonium
1689 1670 1749 1713 ad
1776 1670 1929 1723 confir·

425 1728 588 1769 manda
627 1726 839 1769 miracula
876 1727 1083 1780 quaedam
1115 1727 1257 1770 attulit
1267 1729 1295 1770 4.
1369 1728 1575 1772 Ultimam
1605 1729 1793 1772 Athalae
1830 1728 1929 1772 visi-

427 1800 546 1829 onem
578 1800 662 1840 per
691 1786 1054 1828 Blidemundum⁵
1083 1787 1336 1830 monachum
1377 1792 1636 1842 coqnoverat,
1678 1788 1929 1832 moribundo

427 1850 566 1889 autem
598 1845 742 1888 abbati
773 1845 862 1900 ipse
893 1845 1106 1888 adstitisse
1136 1846 1315 1890 videtur.
1379 1848 1520 1890 Plura
1553 1847 1714 1902 primis
1743 1847 1931 1901 Bertulfi
1953 1863 1990 1891 2⁶

427 1905 559 1948 annis
588 1905 893 1948 monasterium
916 1920 1097 1959 passum
1121 1910 1225 1960 erat,
1258 1907 1447 1961 episcopo
1474 1907 1720 1951 dioecesano
1742 1907 1931 1951 insidias

427 1964 633 2019 moliente,
667 1969 862 2007 conatum
894 1969 1034 2007 autem
1065 1979 1138 2019 ope
1161 1962 1298 2009 Ionae
1329 1967 1460 2009 abbas
1490 1966 1674 2019 feliciter
1702 1967 1928 2022 repulerat.

428 2025 551 2067 Haec
582 2023 782 2078 acquisiti
813 2024 1038 2079 privileqii
1070 2024 1248 2079 papalis
1278 2025 1461 2068 historia
1501 2030 1548 2069 ut
1581 2026 1647 2069 rei
1677 2025 1932 2070 coenobialis

429 2083 660 2138 coqnitioni
693 2084 866 2126 multam
900 2084 1032 2127 lucem
1063 2084 1202 2139 affert,
1238 2085 1303 2128 ita
1334 2090 1580 2129 accuratam
1611 2085 1836 2141 bioqraphi
1867 2087 1931 2129 de-

428 2143 699 2197 scriptionem
732 2148 982 2197 perqratam
1023 2143 1173 2187 haberi
1212 2145 1517 2188 existimamus.
1579 2146 1639 2188 In
1679 2146 1791 2189 calce
1830 2144 1932 2189 libri
1956 2161 1991 2188 so

430 2217 522 2245 cum
553 2202 739 2256 virtutes,
772 2203 923 2256 quibus
952 2204 1181 2246 monachos
1207 2203 1442 2248 Bobienses
1471 2205 1547 2248 sub
1577 2209 1753 2260 utroque
1783 2206 1932 2248 abbate

430 2263 652 2305 abundare
696 2262 874 2315 viderat,
927 2267 1014 2305 tum
1060 2267 1264 2306 extremos
1309 2264 1470 2307 halitus
1513 2265 1704 2317 fratrum
1749 2263 1933 2318 feliciter

430 2321 714 2364 decedentium
770 2322 995 2376 diliqenter
1045 2323 1292 2378 descripsit,·
1350 2323 1500 2367 mortis
1555 2329 1694 2367 autem
1743 2323 1933 2377 Bertulsi

430 2380 681 2423 mentionem
711 2382 875 2423 nullam
905 2382 1018 2436 fecit,
1051 2382 1142 2424 nisi
1171 2383 1315 2437 fallor,
1348 2383 1451 2437 quia
1482 2383 1656 2427 interim
1685 2383 1735 2427 in
1772 2382 1933 2427 Galliis

429 2441 681 2494 vaqabatur.
729 2440 1091 2484 Pretiosissimam
1113 2443 1267 2495 procul
1291 2442 1417 2485 dubio
1438 2442 1541 2485 libri
1561 2442 1740 2486 alterius
1761 2446 1934 2497 partem
1957 2458 1992 2485 οε

430 2498 613 2542 historia
643 2499 843 2542 Eustasii
872 2500 1019 2553 efficit.
1082 2501 1206 2543 Haec
1236 2516 1265 2544 a
1294 2501 1654 2556 Burqundofara,
1687 2503 1737 2545 de
1767 2516 1854 2557 qua
1883 2501 1934 2545 in

431 2558 774 2612 subsequentibus
803 2573 848 2602 se
878 2564 1162 2602 narraturum
1192 2574 1279 2603 esse
1319 2565 1466 2604 auctor
1498 2561 1537 2615 I,
1562 2566 1630 2604 26.
1657 2561 1930 2616 promiserat,

431 2622 471 2661 et
486 2619 553 2661 ¹ab
584 2617 751 2672 oriqine
781 2619 1031 2662 monasterii
1061 2619 1367 2663 Evoriacensis
1396 2619 1575 2674 incipit,·
1605 2625 1838 2675 sequuntur
1867 2634 1932 2664 ex-

425 2676 664 2731 peditiones
694 2679 754 2721 ad
784 2680 1114 2733 propaqandam
1144 2680 1272 2732 fidem
1303 2679 1587 2723 christianam
1617 2680 1667 2723 in
1696 2680 1934 2724 Baioarios

431 2737 625 2791 aliasque
652 2741 795 2792 ,qentes
819 2738 961 2791 factae
969 2752 986 2792 ,·
1017 2737 1197 2792 denique
1221 2738 1460 2782 discordiae
1480 2740 1768 2794 Aqrestianae
1792 2739 1934 2793 fusius
1956 2756 1992 2783 ιο

431 2797 604 2839 relatae.
668 2797 833 2852 Synodi
863 2797 980 2840 illius
1011 2797 1304 2841 celeberrimae
1335 2798 1674 2843 Matisconensis
1713 2815 1753 2843 a.
1782 2797 1931 2853 626l'7,

433 2913 469 2958 1)
499 2913 540 2949 V.
567 2913 721 2950 solumi.
745 2914 778 2958 I,
797 2916 830 2951 9.
859 2915 913 2950 19.
1012 2891 1049 2960 2)
1075 2914 1134 2950 Ib.
1158 2915 1190 2958 I,
1208 2917 1265 2951 27.
1293 2917 1349 2951 28.
1448 2915 1486 2961 3)
1518 2915 1575 2952 Ji.
1598 2916 1629 2959 Ι,
1649 2918 1704 2953 17.
1803 2918 1842 2963 4)
1873 2916 1931 2953 tt.

432 2961 485 3004 II,
503 2963 537 2997 2.
635 2961 672 3005 5)
701 2961 759 2996 ῃ».
780 2961 835 3004 II,
851 2963 886 2998 6.
1856 2983 1859 2985 ·
