2008 3302
409 292 456 327 48
697 288 863 334 IONAS,
882 288 1044 325 VITAE
1067 283 1377 324 OOLUMBANI
1401 287 1547 323 LIBRI
1571 287 1623 325 ΙΙ.

410 412 526 455 dicti.
590 412 726 454 Ionas
769 424 866 452 vero
911 410 1082 464 reyulae
1127 423 1259 463 neque
1298 409 1466 453 Donati
1511 423 1643 465 neque
1687 410 1914 456 Benedicti

410 471 661 514 mentionem
691 471 824 512 ullam
847 468 960 522 fecit,
993 468 1158 523 ipsique
1178 468 1218 511 si
1239 470 1406 512 credere
1425 469 1498 522 fas
1518 474 1634 524 esset,
1663 470 1914 514 Columbani

411 530 609 573 instituta
659 543 790 582 usque
840 529 900 571 ad
948 542 1028 571 sua
1079 532 1266 582 tempora
1316 528 1570 572 intemerata
1611 529 1911 584 perstitissent.

412 588 688 632 Monasteria
719 593 857 630 autem
888 592 928 630 et
949 587 1287 631 Solemniacense
1318 592 1358 631 et
1376 587 1651 643 Resbacense,
1683 602 1791 644 quae
1821 589 1913 644 ipso

412 653 508 691 teste
530 649 589 691 ad
611 647 861 691 Oolumbani
882 647 1099 702 requlaml
1120 651 1360 691 constructa
1380 661 1467 690 esse
1486 648 1701 703 feruntur,
1723 649 1914 704 reyulam
1938 667 1956 693 5

411 707 636 751 Benedicti
667 711 706 750 et
738 706 990 751 Columbani
1019 711 1060 749 et
1088 707 1319 760 exemplum
1350 707 1635 751 Luxoviensis
1664 707 1915 752 monasterii

406 768 780 822 persequebantur,
807 766 916 809 sicut
941 779 992 809 ex
1013 766 1175 809 chartis
1195 770 1234 809 et
1253 766 1395 820 Elicii
1408 768 1424 792 ²
1444 771 1483 810 et
1502 766 1916 834 Buryundofaronis

413 826 554 881 colliyi
593 826 699 880 licet
741 830 864 880 atque
902 826 952 869 in
991 826 1248 869 monasterio
1278 825 1574 880 Evoriacensi‚
1617 826 1687 870 cui
1724 827 1916 883 reyulam

420 885 671 930 Columbani
684 887 700 912 3
730 885 941 940 expressis
964 885 1102 928 verbis
1132 885 1337 940 attribuit,
1361 885 1508 940 potius
1528 886 1697 930 Donati
1725 887 1917 942 reyulam

412 946 596 1001 viguisse
626 945 718 989 suis
747 945 855 999 ipsis
885 945 1024 988 verbis
1055 944 1254 999 prodidit
1283 945 1445 989 trinam
1477 945 1783 999 confessionem
1812 960 1916 990 com-
1942 963 1977 990 ιο

412 1019 665 1048 memorans.
735 1005 964 1059 Complura
994 1009 1149 1060 postea
1178 1005 1441 1048 monasteria
1471 1006 1531 1048 ad
1559 1006 1752 1060 reyulam
1781 1005 1916 1050 Bene·
2006 1012 2008 1015 “

414 1064 517 1108 dicti
546 1065 611 1107 vel
647 1063 899 1108 Columbani
929 1063 1128 1107 instituta
1167 1069 1278 1118 sunt,
1320 1079 1428 1118 quae
1467 1079 1716 1108 enumerare
1745 1066 1917 1120 longum

414 1129 475 1167 est
485 1125 514 1178 4,
548 1128 672 1178 atque
702 1124 816 1166 inter
847 1125 1007 1167 codices
1037 1123 1288 1167 monasterii
1309 1123 1663 1173 Fontanellensis,
1677 1138 1762 1180 per
1784 1125 1916 1169 Wan-

414 1185 562 1226 donem
603 1185 793 1226 abbatem
836 1182 910 1236 (ex
949 1199 989 1226 a.
1026 1183 1134 1238 742)
1176 1188 1442 1239 comparatos
1480 1198 1593 1227 unus
1632 1185 1814 1239 eoetabat,
1856 1183 1918 1228 ‘in

414 1258 493 1297 quo
526 1243 819 1286 continebatur
849 1244 998 1298 reyula
1029 1243 1169 1286 sancti
1188 1243 1414 1287 Benedicti
1438 1247 1477 1286 et
1499 1244 1640 1287 sancti
1667 1243 1918 1288 Columbani
1943 1261 1978 1288 1⁶

415 1307 453 1345 et
483 1302 845 1357 martyroloqium’
860 1303 888 1356 ⁵,
922 1302 1081 1346 scilicet
1109 1302 1514 1358 Hieronymianum,
1557 1303 1678 1347 cuius
1707 1303 1918 1359 oriqinem

414 1362 512 1405 item
545 1364 604 1404 ad
635 1363 870 1405 Scottorum
900 1366 1122 1405 sectatores
1152 1363 1423 1415 referendam
1463 1377 1550 1406 esse
1589 1377 1725 1417 nuper
1755 1365 1918 1407 demon·

415 1421 551 1464 stravi
563 1423 592 1462 ⁶.
654 1421 851 1475 Denique
898 1421 1201 1465 Columbanum
1242 1422 1500 1466 Benedictus
1528 1427 1707 1477 propter
1743 1422 1920 1467 virtutes

292 1497 392 1531 tneo.
416 1495 523 1535 quas
570 1480 684 1523 *dixi
723 1480 856 1523 victor
891 1481 1066 1534 penitus
1104 1482 1294 1536 fuyabat,
1333 1481 1584 1536 primusque
1623 1482 1920 1538 Leudeyarius

417 1540 608 1583 ordinem
639 1541 703 1583 vel
733 1541 924 1595 requlam
949 1540 1173 1584 Benedicti
1204 1541 1425 1584 abbatibus
1454 1541 1754 1596 monachisque
1782 1542 1919 1585 solam
1943 1558 1980 1585 20
2005 1596 2008 1598 Β

409 1599 693 1654 praescripsit
713 1601 737 1653 ⁷,
794 1613 845 1642 ex
900 1614 985 1653 qua
1039 1600 1393 1644 monasteriorum
1449 1601 1626 1644 salutem
1677 1603 1920 1656 expectabat
2004 1610 2008 1614 '

418 1674 591 1712 omnem,
624 1659 672 1702 in
710 1659 872 1702 Galliis
902 1659 1115 1714 incipiens
1145 1660 1194 1702 id
1223 1662 1336 1714 quod
1364 1661 1528 1704 saeculo
1559 1660 1798 1715 insequenti
1819 1675 1918 1716 per-

416 1719 518 1772 fecit
546 1719 814 1772 Bonifatius.

568 1778 819 1821 Golumbani
860 1778 1243 1832 discipulorumque
1289 1779 1380 1822 eius
1422 1784 1541 1834 qesta
1583 1779 1809 1835 descripsit
1846 1779 1920 1835 qui

416 1838 531 1881 inter
550 1837 773 1880 historicos
801 1837 1051 1881 Gallicanos
1071 1853 1178 1881 saec.
1208 1839 1314 1881 VII.
1339 1843 1438 1893 post
1458 1839 1772 1894 Fredeqarium
1791 1840 1922 1893 facile
1945 1854 1980 1882 πε

409 1897 603 1952 primum
635 1898 767 1940 locum
799 1897 955 1940 obtinet
984 1898 1157 1940 Ionas
1177 1899 1193 1924 s
1223 1898 1397 1941 natione
1428 1913 1560 1953 neque
1593 1899 1758 1943 Scottus
1787 1913 1920 1954 neque

418 1957 746 2022 Francoqallus,
779 1959 854 1999 sed
881 1957 932 1999 in
953 1957 1130 2000 summis
1151 1958 1311 2001 Italiae
1331 1958 1492 2011 finibus
1514 1960 1590 2001 sub
1611 1958 1720 2012 ipsis
1739 1958 1920 2013 Alpium

418 2016 530 2070 iuqis
561 2021 689 2059 natus
721 2016 980 2070 Sequsione⁹
1010 2017 1059 2059 in
1089 2018 1191 2060 urbe
1222 2017 1367 2072 nobili,
1410 2032 1517 2084 quae
1557 2032 1609 2061 ex
1648 2019 1744 2061 sede
1782 2017 1921 2073 ieyali

418 2076 541 2130 reqni
593 2075 782 2119 Cottiani
826 2078 1000 2119 redacta
1047 2081 1140 2119 erat
1184 2077 1234 2119 in
1279 2077 1572 2131 municipium.
1650 2077 1895 2121 Monaster
1877 2091 1920 2120 io

417 2135 625 2178 Bobiensi
664 2135 822 2178 teneris
853 2136 992 2179 adhuc
1031 2137 1164 2179 annis
1194 2141 1295 2191 post
1332 2137 1583 2181 Columbani
1612 2141 1786 2180 mortem
1816 2141 1856 2180 et
1885 2151 1918 2181 c.
1946 2153 1982 2179 so

418 2210 458 2237 a.
484 2199 582 2238 618.
609 2209 656 2249 p.
697 2195 801 2238 Chr.
835 2195 1075 2250 adscriptus
1106 2210 1189 2250 per
1219 2211 1363 2240 novem
1403 2211 1543 2240 annos
1571 2196 1726 2240 ibidem
1757 2210 1921 2240 conver-

419 2259 536 2297 satus
576 2259 670 2297 erat
708 2268 839 2309 neque
878 2269 976 2298 vero
1013 2256 1269 2309 parentibus
1308 2270 1431 2310 saepe
1470 2256 1787 2310 postulantibus
1823 2270 1920 2311 per-

421 2384 456 2429 1)
481 2385 520 2419 V.
548 2383 700 2420 Columb.
725 2385 779 2428 II,
798 2386 853 2420 10.
878 2385 911 2427 I,
930 2385 986 2421 26.
1093 2384 1129 2430 2)
1165 2385 1242 2422 Scr.
1267 2396 1342 2422 rer.
1365 2385 1498 2422 Mer-ov.
1523 2385 1595 2429 IV,
1616 2397 1656 2431 p.
1676 2387 1756 2422 747.
1805 2386 1921 2420 Locus

419 2433 564 2466 chartae
589 2433 941 2476 Buryundofaronis
973 2433 1052 2466 hic:
1087 2433 1154 2468 sub
1187 2433 1317 2478 regula
1341 2433 1377 2469 b.
1402 2432 1596 2468 Benedicti
1629 2435 1668 2467 et
1697 2432 1744 2468 ad
1769 2432 1920 2468 modum

420 2478 661 2514 Luxoviensis
685 2479 909 2523 monasterii,
935 2482 970 2514 si
984 2481 1226 2516 emendandus
1241 2485 1303 2525 est,
1330 2491 1408 2515 cum
1425 2482 1636 2524 reyularum
1658 2481 1765 2524 infra
1787 2482 1919 2516 iterum
1946 2485 1981 2513 35

421 2530 545 2561 auctor
569 2528 790 2568 meminerit:
814 2527 1014 2562 secundum
1040 2528 1206 2573 regulam
1232 2528 1344 2574 ipsius
1368 2528 1404 2564 b.
1421 2527 1615 2563 Benedicti
1635 2528 1694 2564 vel
1719 2528 1754 2565 b.
1772 2526 1921 2563 Colum-

420 2574 519 2619 bani‚
553 2577 671 2618 ipsum
697 2576 746 2608 ad
769 2576 926 2609 alterum
950 2576 1208 2610 emendandum
1232 2587 1303 2611 esse
1327 2578 1502 2619 existimo,
1526 2577 1673 2611 insertis
1695 2576 1832 2611 verbis:
1861 2575 1921 2611 vel

420 2623 455 2659 b.
481 2621 713 2667 Columbani,
738 2623 823 2656 dum
847 2623 893 2661 A,
910 2623 1055 2667 Hauck,
1081 2624 1367 2668 ‘Kirchenyesch
1389 2622 1582 2660 Deutsohl!
1598 2624 1630 2668 I,
1653 2636 1690 2669 p.
1708 2625 1790 2660 293.
1815 2625 1886 2661 309
1894 2622 1918 2668 ³,

421 2673 460 2705 in
484 2672 597 2705 locum
623 2671 806 2705 Benedicti
830 2670 1087 2705 Columbanum
1110 2672 1305 2715 substituit,
1341 2673 1397 2706 ita
1429 2675 1468 2705 ut
1498 2675 1644 2716 uterque
1673 2673 1803 2705 iterum
1826 2672 1921 2706 inter

420 2730 456 2753 se
479 2719 676 2754 dissentiat.
717 2718 816 2752 Idem
841 2720 959 2762 ipsum
981 2719 1164 2753 Benedicti
1185 2730 1311 2754 nomen
1331 2719 1462 2754 charta
1478 2718 1754 2754 Solenmiacensi
1775 2719 1922 2754 eradere
1944 2723 1981 2750 40

421 2767 531 2801 voluit
555 2765 617 2809 (ib.
638 2777 678 2810 p.
695 2767 764 2803 291
775 2765 818 2810 ⁸).
916 2768 952 2809 3)
979 2766 1019 2802 V.
1047 2767 1200 2802 Columb.
1225 2767 1278 2810 II,
1298 2769 1354 2803 11.
1450 2767 1488 2813 4)
1514 2767 1658 2811 Loniny
1677 2766 1702 2803 l.
1720 2766 1743 2802 l.
1766 2766 1819 2809 II,
1837 2768 1919 2803 442.

422 2814 458 2860 5)
496 2815 604 2848 Gesta
638 2813 714 2850 abb.
745 2813 900 2849 Fontem.
934 2814 986 2852 ed,
1012 2813 1219 2857 Lo’wenfeld
1246 2826 1286 2859 p.
1312 2815 1370 2851 38.
1468 2813 1504 2860 6)
1539 2815 1599 2851 ‘N.
1624 2814 1749 2851 Arcu?
1773 2813 1920 2858 XXIV,

416 2874 455 2906 p.
482 2863 554 2898 294
569 2872 642 2906 sqq.
749 2863 786 2904 7)
823 2861 952 2896 conca.
980 2861 1242 2906 Auyustodun„
1276 2863 1328 2899 cd.
1354 2861 1528 2896 Maassen
1560 2862 1592 2906 I,
1617 2863 1698 2899 221.
1794 2861 1834 2908 8)
1867 2861 1922 2896 De

422 2911 495 2943 vita
518 2910 731 2953 scriptisque
746 2909 856 2943 Ionae
879 2908 1050 2943 disseruit
1066 2909 1210 2944 Seebass
1225 2910 1400 2954 (Herzoy,
1422 2909 1833 2954 ‘Reae-Emyklopadie'
1849 2909 1920 2952 IX,
2003 2923 2008 2950 ;

417 2966 455 3000 p.
475 2958 545 2993 340
554 2955 594 2994 ³).
693 2955 730 3002 9)
756 2957 796 2992 V.
824 2956 979 2993 Columb.
1002 2956 1056 3000 II,
1077 2959 1109 2993 5.
1944 2959 1980 2987 ‘¹⁶
2004 2956 2008 2997 Ϊ
