2008 3302
445 287 513 321 138
728 283 896 329 IONAS,
915 283 1077 320 VITAE
1103 284 1410 321 COLUMBANI
1434 286 1580 322 LIBRI
1603 286 1657 324 ΙΙ.

440 406 515 448 illo
536 407 648 448 hunc
669 407 721 448 ab
742 405 1018 448 universitate
1039 406 1282 460 frequenter
1301 407 1365 450 ita
1387 409 1668 462 aberrantem,
1694 409 1806 453 sicut
1827 412 1948 467 apud

443 466 746 507 Mabillonium
768 465 933 519 layum,
961 466 1132 519 plenius
1153 466 1472 510 exscribendum
1494 468 1644 511 curavi
1663 473 1703 512 et
1722 470 1945 523 ,qraviores

438 524 787 579 interpolationes
808 524 1030 579 hiatusque
1051 540 1192 568 omnes
1217 526 1354 569 attuli.
1393 527 1734 582 Orthoqraphica
1749 533 1788 572 et
1804 543 1944 584 yram-
1980 560 1984 563 -

439 584 596 626 matica
618 584 781 626 collatis
803 584 1014 627 codicibus
1035 585 1194 628 admisi
1215 601 1276 640 ea,
1305 601 1411 640 quae
1438 587 1732 631 consuetudini
1757 589 1944 633 auctoris
1991 610 1993 613 ·

439 657 668 698 conqruere
698 644 963 687 videbantur.
1971 662 1995 692 δ

582 704 657 745 Ad
685 704 798 746 hanc
828 718 981 746 novam
1012 704 1235 747 editionem
1268 708 1519 759 parandam
1558 721 1646 750 non
1675 707 1810 751 solum
1839 722 1944 763 quos

437 768 566 806 antea
597 763 877 806 adhibueram
909 764 1069 807 codices
1099 765 1298 807 nonnulli
1329 765 1482 808 iterum
1506 766 1720 820 pervoluti
1751 767 1943 824 plenius-
1992 791 2008 814 ,ι

437 837 515 876 que
546 838 660 865 nunc
691 823 893 877 exscripti
924 828 1033 877 sunt,
1067 825 1141 866 sed
1169 825 1297 867 etiam
1329 827 1427 868 novi
1458 825 1643 870 adhibiti
1667 827 1787 870 hand
1806 827 1943 882 pauci

437 887 561 936 atque
591 882 641 925 in
670 887 850 937 utraque
876 898 922 925 re
946 888 1144 926 strenuus
1169 885 1341 927 adiutor
1361 900 1477 928 meus
1497 885 1636 928 extitit
1663 886 1733 930 W.
1755 886 1943 931 Levison

435 943 586 984 socius.
641 942 789 984 Etiam
820 944 879 985 ad
898 943 1192 986 describendos
1223 948 1345 998 atque
1375 945 1687 989 eoeaminandos
1709 947 1943 1000 permultos

435 1002 596 1044 codices
635 1002 708 1055 qui
749 1017 863 1044 nunc
894 1003 1058 1044 demum
1090 1009 1356 1046 accesserunt
1389 1004 1439 1047 in
1471 1005 1750 1059 praefatione
1779 1021 1942 1050 enume-

434 1062 523 1103 rati
569 1075 739 1115 operam
784 1062 1050 1115 studiumque
1095 1062 1207 1105 idem
1253 1063 1478 1117 diliqenter
1517 1065 1695 1108 contulit
1732 1069 1855 1120 atque
1890 1066 1952 1121 in·

433 1121 720 1163 Britanniam
753 1121 972 1175 profectus
1013 1136 1154 1164 omnes
1193 1122 1268 1176 qui
1307 1123 1356 1165 in
1397 1123 1657 1168 bibliothecis
1685 1124 1776 1168 illis
1806 1139 1941 1170 asser-

433 1185 592 1222 vantur
623 1182 727 1222 adeo
753 1181 1035 1236 percucurrit,
1067 1186 1115 1224 ut
1143 1181 1192 1224 in
1218 1183 1372 1225 classes
1390 1197 1507 1226 meas
1528 1183 1732 1228 distribui
1752 1190 1939 1240 possent.
1977 1227 1983 1230 ,

440 1240 522 1293 Qui
545 1244 771 1294 praeterea
802 1242 852 1283 de
876 1241 957 1284 hac
987 1241 1170 1284 editione
1201 1242 1352 1295 optime
1382 1243 1524 1286 meriti
1554 1248 1665 1298 sunt,
1697 1245 1750 1294 de
1778 1249 1940 1290 natura

434 1299 620 1342 codicum
653 1300 805 1342 litteris
836 1300 950 1343 datis
981 1301 1196 1344 certiorem
1236 1317 1300 1344 me
1339 1302 1558 1357 facientes,
1600 1317 1669 1347 eos
1707 1303 1799 1347 suis
1837 1305 1940 1349 locis

433 1373 565 1412 supra
613 1359 737 1413 attuli
783 1374 914 1414 neque
965 1360 1231 1415 sinqulorum
1278 1362 1425 1405 laudes
1476 1367 1658 1417 repetere
1703 1363 1803 1407 libet
1849 1363 1940 1408 nisi

434 1419 619 1462 Henrici
663 1420 852 1473 Lebeque
898 1435 935 1462 v.
970 1435 1016 1473 c.,
1065 1420 1139 1474 qui
1185 1422 1332 1464 molem
1378 1422 1566 1465 codicum
1612 1422 1939 1468 Parisiaeorum

432 1478 616 1531 feliciter
645 1479 871 1533 superavit.
1996 1523 1998 1527 Α

578 1539 714 1580 Ionae
745 1553 848 1593 opus
877 1554 1007 1594 usque
1039 1540 1179 1583 adhuc
1210 1541 1262 1582 ab
1288 1541 1518 1584 editoribus
1541 1541 1592 1585 in
1612 1541 1723 1586 vitas
1742 1542 1938 1599 sinyulas

433 1597 680 1640 dissolutum
711 1613 854 1653 neque,
887 1599 995 1642 sicut
1020 1604 1167 1642 auctor
1186 1600 1276 1654 ipse
1296 1600 1408 1643 illud
1426 1601 1704 1657 disposuerat,
1736 1602 1786 1646 in
1807 1603 1939 1648 libros
1983 1611 1991 1626 ²⁴

432 1659 536 1700 duos
568 1658 824 1712 distinctum,
858 1663 992 1701 textus
1022 1664 1161 1702 autem
1192 1661 1252 1702 ad
1281 1660 1393 1703 hunc
1417 1660 1586 1705 illumve
1608 1662 1788 1706 codicem
1807 1662 1937 1707 inter·
1974 1659 1988 1699 Ϊ

422 1718 616 1771 potatum
654 1718 784 1760 obiter
814 1718 1045 1761 recensitus
1085 1724 1160 1762 aut
1200 1734 1252 1762 eat
1292 1720 1547 1764 editionibus
1584 1722 1938 1775 praecedentibus

431 1777 629 1830 repetitus
660 1782 764 1830 erat,
788 1782 1020 1834 partesque
1051 1779 1153 1821 libri
1184 1779 1359 1822 secundi
1392 1778 1446 1831 (c.
1472 1785 1527 1823 22
1549 1795 1614 1823 ex.
1636 1785 1676 1824 et
1696 1781 1775 1836 25)
1807 1781 1936 1826 etiam
1978 1811 1981 1815 -

430 1851 546 1879 nunc
575 1839 639 1879 ita
669 1836 875 1891 iacebant,
908 1838 1016 1881 sicut
1045 1839 1210 1882 saeculo
1239 1840 1375 1882 XVI.
1409 1853 1524 1883 more
1557 1840 1749 1884 Suriano
1779 1846 1935 1894 retrac-

431 1900 544 1938 tatae
575 1900 710 1939 erant.
774 1897 1061 1940 Illabillonius
1092 1898 1180 1953 ipse
1210 1899 1300 1941 iam
1332 1913 1456 1953 aeqre
1488 1900 1653 1954 tulerat,
1694 1902 1808 1956 quod
1837 1901 1935 1945 ‘ista

431 1955 568 1998 Ionae
599 1957 802 2012 opuscula
833 1957 1026 2000 exhibere
1057 1958 1260 2001 continua
1291 1959 1399 2001 serie
1430 1959 1514 2002 sibi
1544 1960 1664 2003 haud
1691 1960 1823 2016 licuit,
1860 1961 1936 2017 qui
1987 1976 1993 2002 t

429 2020 673 2058 sanctorum
704 2021 801 2060 acta
832 2031 912 2071 quo
938 2018 1112 2072 quisque
1133 2018 1326 2061 discessit
1345 2033 1461 2061 anno
1481 2019 1646 2072 referre
1669 2020 1935 2075 propositum
1972 2042 1995 2077 fg

429 2075 633 2118 habebaff.
699 2078 828 2120 Nunc
868 2078 1033 2120 demum
1074 2078 1204 2121 libros
1242 2078 1340 2121 illos
1380 2078 1428 2121 in
1463 2078 1703 2133 pristinum
1742 2080 1935 2125 ordinem
1983 2090 1987 2101 ¹

421 2135 593 2188 primus
623 2137 765 2191 redeqi
796 2141 919 2191 atque
950 2137 1163 2180 codicibus
1193 2143 1389 2192 quotquot
1417 2138 1612 2182 nancisci
1643 2143 1838 2194 poteram
1868 2154 1936 2184 ex-
1957 2156 1994 2192 ao

429 2195 636 2238 aminatis
666 2196 890 2251 diliqenter
920 2197 1125 2240 recensui.
1189 2197 1256 2240 Hi
1297 2202 1436 2241 autem
1475 2203 1586 2252 sunt,
1627 2198 1701 2254 qui
1740 2203 1839 2244 ante
1867 2215 1934 2244 me

428 2254 602 2297 edendis
633 2255 732 2298 vitis
762 2256 946 2311 sinqulis
977 2271 1146 2310 operam
1178 2259 1406 2301 dederunt:

572 2314 774 2358 Boninus
796 2317 856 2358 M
861 2330 883 2358 0
895 2316 1084 2359 mbriti
1093 2331 1163 2370 us,
1189 2317 1508 2372 Sanctuarium‚
1532 2317 1780 2362 Mediolani
1804 2323 1931 2374 1475,

429 2377 522 2415 tom.
557 2374 596 2427 I,
638 2375 714 2426 fol.
738 2379 995 2430 207—209,
1039 2376 1180 2419 Vitam
1219 2377 1470 2420 Columbani
1500 2382 1738 2432 excerptam
1777 2377 1931 2434 (incip.

428 2433 740 2488 Rutilanbem)
763 2450 784 2476 e
809 2435 948 2478 codice
972 2436 1230 2479 recensionis
1251 2437 1295 2478 Β
1320 2436 1453 2479 edidit
1479 2434 1555 2490 (cf.
1579 2437 1620 2491 I,
1648 2442 1686 2480 1.
1708 2435 1929 2496 plerique]

428 2493 518 2534 rell.
529 2507 547 2547 7·
587 2494 864 2550 plurimique
896 2495 1084 2537 Mombr.
1118 2510 1210 2538 cum
1241 2496 1286 2538 B
1308 2502 1372 2537 la.
1407 2495 1471 2550 2).

421 2589 423 2591 .
462 2602 465 2605 Γ
573 2553 745 2596 *Nova
777 2554 1006 2608 leyenda
1030 2555 1255 2609 Anqlie,
1289 2570 1405 2598 anno
1431 2561 1558 2598 1516.
1583 2555 1932 2611 ‘impressaLon-

427 2611 583 2654 donias
612 2612 663 2655 in
687 2613 806 2655 domo
839 2614 1052 2657 Winandi
1083 2616 1133 2657 de
1164 2615 1345 2666 Worde',
1378 2615 1490 2658 vitas
1514 2621 1757 2660 sanctorum
1781 2617 1932 2661 ordine

427 2671 666 2714 litterarum
687 2672 871 2726 diqestas
893 2673 1114 2728 continet1‚
1148 2675 1248 2716 dum
1277 2676 1390 2717 unde
1410 2675 1507 2729 ipsa
1530 2677 1687 2730 pendet
1712 2675 1932 2720 ‘Sanctilo-

423 2730 543 2785 qium
575 2731 775 2786 Anqliae'
808 2747 835 2775 a
867 2733 1063 2776 Iohanne
1094 2733 1257 2777 vicario
1289 2735 1339 2777 de
1366 2735 1623 2789 Tynemuthe
1652 2749 1761 2779 saec·
1791 2735 1929 2780 XIV.
1953 2749 1991 2794 ιφ

427 2791 696 2844 compositum
717 2791 883 2835 dierum
903 2793 1116 2835 natalium
1138 2794 1330 2836 ordinem
1352 2794 1552 2849 sequitur,
1577 2798 1700 2848 atque
1718 2795 1793 2850 qui
1807 2795 1932 2839 illam

426 2850 652 2894 novissime
683 2851 816 2894 edidit
832 2852 1022 2897 Carolus
1047 2853 1102 2895 H
1106 2867 1129 2895 o
1140 2857 1359 2907 rstman,
1399 2854 1556 2897 Oxonii
1591 2858 1717 2908 1901,
1750 2854 1931 2899 codicem
1967 2855 1985 2880 *⁴

425 2923 586 2964 quoque
607 2911 782 2954 contulit
801 2911 876 2965 qui
896 2912 972 2955 hoc
991 2913 1187 2967 servavit,
1217 2913 1516 2956 Cottonianum
1536 2913 1705 2968 scilicet,
1733 2914 1931 2958 Tiberius

427 3025 462 3068 1)
488 3027 568 3061 Eas
591 3030 811 3063 enumeravit
835 3029 981 3074 Har-dy,
1007 3029 1240 3074 ‘Descriptive
1266 3029 1470 3074 Cataloque'
1486 3029 1518 3074 I,
1545 3031 1578 3074 2,
1599 3041 1638 3075 p.
1657 3032 1726 3067 736
1739 3042 1791 3076 sq.
