2008 3302
397 299 445 335 32
683 297 851 342 IONAS,
869 296 1032 334 VITAE
1058 297 1365 334 COLUMBANI
1389 297 1535 335 LIBRI
1559 297 1612 336 H.

398 419 600 473 epistulae
630 420 691 461 ad
714 418 1020 461 Theudericum
1044 418 1420 474 Chlothariumque
1449 434 1568 476 reyes
1588 419 1899 476 castiyatoriae,

399 483 547 522 contra
578 477 874 533 Aqrippinum
905 479 955 520 de
987 478 1261 521 damnatione
1292 479 1422 522 trium
1453 480 1747 534 capitulorum,
1779 479 1900 524 deni-

398 551 475 591 que
507 537 671 579 libellus
703 541 851 579 contra
881 536 1077 580 Arianos
1109 538 1248 581 adhuc
1279 538 1423 581 latent.

547 596 834 639 Columbanus
867 595 912 639 in
954 596 1094 639 codice
1134 599 1317 651 quodam
1350 599 1625 653 Sanyallensi
1638 599 1654 626 1
1691 600 1900 643 traditio-

397 671 509 698 num
542 656 830 699 Scoticarum
870 657 1192 699 tenacissimus
1234 661 1526 702 consectator
1564 673 1653 702 non
1691 658 1944 702 immeritos

397 714 680 758 existimatur.
739 715 922 758 Ordines
951 715 1001 758 in
1033 717 1221 771 cataloqo
1251 722 1495 760 sanctorum
1515 717 1758 761 Hiberniae
1771 719 1787 744 ²
1816 721 1902 760 tres

397 774 480 817 sibi
510 774 692 817 invicem
727 775 989 818 succedentes
1030 775 1222 819 distincti
1260 781 1371 831 sunt,
1413 792 1508 821 cum
1545 777 1694 821 unitas
1733 776 1902 820 ordinis

388 834 531 889 primi
577 838 746 877 servata
791 839 830 877 et
867 834 918 877 in
962 834 1108 878 missis
1147 839 1186 878 et
1223 835 1272 879 in
1311 840 1491 880 tonsura
1530 841 1570 880 et
1607 836 1658 880 in
1695 836 1901 891 paschate

398 893 720 936 desciscentibus
765 893 835 936 his
879 895 944 937 vel
982 894 1073 937 illis
1109 895 1327 949 paulatim
1368 896 1608 940 decreverit.
1681 896 1902 940 Secundus

398 954 500 995 ordo
535 949 596 1004 (a.
631 954 903 1009 543—599),
936 955 995 997 ad
1024 968 1145 1008 quem
1183 954 1466 999 Columbanus
1505 955 1674 999 ratione
1704 955 1902 1010 temporis
1926 970 1962 997 10

389 1012 659 1066 potissimum
689 1013 887 1067 pertinet,
920 1028 1084 1068 paucos
1123 1014 1335 1069 episcopos
1373 1016 1604 1070 multosque
1634 1016 1903 1071 presbyteros

398 1072 762 1126 comprehendens,
795 1072 946 1116 varias
982 1074 1216 1117 celebrabat
1256 1078 1296 1117 et
1333 1075 1489 1118 missas
1528 1079 1568 1118 et
1604 1075 1787 1130 reyulas,
1827 1075 1904 1118 sed

397 1145 531 1173 unum
554 1132 724 1186 pascha
748 1132 885 1175 XIV.
915 1133 1021 1176 luna
1043 1137 1143 1187 post
1172 1134 1496 1189 aequinoctium,
1528 1149 1662 1178 unam
1682 1138 1902 1178 tonsuram

398 1191 451 1233 ab
483 1205 589 1234 aure
620 1192 680 1234 ad
708 1205 857 1234 aurem
888 1193 1085 1236 servabat
1113 1193 1390 1248 mulieresque
1421 1195 1652 1249 separabat
1689 1209 1719 1237 a
1757 1207 1901 1237 mona·
2007 1242 2008 1245 Ἴ

397 1250 568 1304 steriis,·
599 1250 748 1293 tertius
781 1248 842 1302 (a.
878 1252 1150 1306 599—665),
1194 1253 1263 1296 cui
1294 1254 1470 1296 extremi
1499 1253 1638 1308 ipsius
1677 1253 1789 1297 anni
1827 1254 1901 1296 ad-
1927 1267 1961 1296 ιο
2006 1271 2008 1290 2

398 1310 657 1352 numerandi
687 1315 798 1364 sunt,
830 1310 881 1353 in
912 1311 1014 1354 loeis
1046 1312 1223 1355 desertis
1253 1313 1475 1356 habitabat
1494 1317 1534 1356 et
1553 1313 1749 1368 oleribus,
1771 1325 1898 1368 aqua,

398 1369 668 1423 eleemosynis
698 1369 861 1413 vivebat
890 1375 930 1413 et
949 1371 1137 1425 propria
1168 1372 1404 1426 devitabat,·
1444 1372 1731 1416 diversitatem
1761 1376 1902 1416 autem

398 1430 643 1471 extendebat
675 1429 740 1471 in
791 1433 1034 1484 tonsuram,
1088 1431 1191 1474 aliis
1241 1446 1463 1487 coronam,
1516 1432 1619 1475 aliis
1669 1432 1902 1476 caesariem

398 1487 666 1542 habentibus,
709 1493 833 1543 atque
873 1489 1000 1532 etiam
1040 1490 1090 1533 in
1130 1491 1451 1534 sollemnitatem
1491 1492 1758 1546 paschalm,
1806 1505 1901 1535 cum

398 1546 479 1589 alii
512 1547 649 1590 XIV.
682 1548 841 1602 lunam,
875 1549 956 1592 alii
989 1549 1126 1593 XVI.
1169 1565 1262 1594 cum
1302 1551 1425 1594 duris
1462 1551 1797 1595 contentionibus
1836 1551 1901 1594 ob·
1925 1565 1962 1593 so

398 1611 627 1650 servarent.
700 1607 985 1652 Columbanus
1015 1614 1155 1652 autem
1185 1625 1214 1652 a
1243 1610 1395 1666 prisco
1435 1625 1557 1665 quem
1596 1625 1625 1654 a
1663 1610 1901 1654 maioribus

397 1666 490 1709 suis
520 1671 739 1721 acceperat
766 1668 856 1711 ritu
886 1683 939 1711 ne
969 1683 1152 1724 unquem
1183 1670 1352 1724 quidem
1383 1674 1674 1714 transversum
1694 1669 1900 1714 discessit.

400 1725 531 1768 Scotti
571 1741 664 1769 cum
703 1732 861 1770 rectam
900 1729 1029 1781 fidem
1068 1729 1149 1772 soli
1189 1743 1457 1773 conservasse
1497 1729 1581 1774 sibi
1619 1729 1705 1774 visi
1750 1733 1898 1784 essent,

2004 619 2008 622 .
1991 598 2008 604 .’
1992 237 2008 581 -ῌ-ῂωὼα-μιμ

2005 1640 2008 1680 i

2006 1682 2008 1733 1

398 1786 755 1829 conversationem
817 1802 910 1830 cum
971 1788 1099 1831 aliter
1159 1789 1424 1832 credentibus
1483 1789 1754 1844 effuqiebant.
1845 1789 1903 1834 Ut
2002 1759 2008 1838 1

397 1845 614 1900 Daqanus
627 1846 643 1872 3
675 1847 910 1889 Scottorum
949 1848 1166 1902 episcopus
1206 1850 1267 1892 ad
1304 1849 1516 1904 episcopos
1545 1850 1786 1904 Anqlorum
1817 1848 1900 1893 Ro—
1925 1863 1962 1891 25
2004 1844 2008 1896 1

397 1919 547 1947 manos
592 1906 764 1948 veniens
803 1906 940 1949 cibum
979 1922 1072 1950 cum
1111 1908 1170 1951 iis
1215 1923 1291 1952 nec
1328 1908 1378 1951 in
1417 1910 1557 1952 eodem
1597 1908 1781 1966 hospitio
1819 1921 1901 1964 quo
2006 1910 2008 1963 ζ

397 1966 671 2007 vescebantur
700 1980 863 2009 sumere
892 1967 1035 2020 voluit,
1068 1967 1131 2010 ita
1158 1967 1444 2011 Columbanus
1474 1982 1562 2011 non
1593 1983 1686 2012 cum
1707 1968 1901 2011 omnibus

397 2024 640 2067 sociabatur
685 2029 808 2079 atque
853 2026 1108 2070 Theuderici
1153 2027 1267 2082 reqis
1306 2032 1345 2070 et
1383 2029 1552 2071 domum
1591 2032 1631 2072 et
1669 2030 1799 2083 dapes
1839 2041 1903 2071 re-

396 2097 551 2137 spuens
564 2084 581 2109 4
619 2084 803 2136 fortasse
846 2099 933 2128 non
978 2087 1112 2129 solum
1157 2087 1434 2142 impietatem,
1481 2089 1558 2131 sed
1599 2087 1728 2131 etiam
1772 2088 1902 2141 fidem

397 2143 609 2186 diversam
640 2145 904 2188 abhorrebat.
967 2146 1069 2189 Hac
1104 2146 1372 2201 separatione
1402 2147 1595 2191 Romani
1625 2147 1902 2191 laedebantur
1925 2161 1961 2188 ω

396 2203 656 2257 epistulaque
696 2205 756 2246 ad
793 2204 1004 2260 episcopos
1043 2207 1292 2261 abbatesque
1334 2207 1535 2250 Scotticos
1574 2207 1679 2251 data
1717 2205 1902 2262 Dayani

403 2261 733 2317 Columbanique
779 2265 944 2308 abbatis
983 2265 1033 2309 in
1079 2265 1252 2309 Gallias
1291 2266 1500 2310 venientis
1538 2267 1770 2321 exemplum
1799 2279 1901 2322 pro-

396 2390 613 2434 Hieronymi
635 2402 743 2436 opera
769 2403 792 2426 a
818 2393 999 2428 Vallarsio
1022 2394 1173 2439 (Miyne,
1197 2395 1337 2431 Patrol.
1365 2395 1427 2432 lat.
1452 2395 1583 2440 XXII,
1609 2396 1672 2432 col.
1699 2395 1793 2432 1220
1808 2395 1900 2440 sqq.)

396 2439 472 2471 iam
496 2439 592 2472 edita
615 2444 695 2473 erat
728 2451 745 2474 e
777 2441 890 2475 codice
918 2442 1091 2476 Vaticano
1123 2453 1159 2478 n.
1186 2444 1268 2487 642,
1304 2443 1369 2485 fol.
1395 2444 1454 2487 89,
1487 2443 1552 2476 ubi
1572 2443 1794 2487 Hieronymo
1818 2445 1900 2477 item

396 2486 490 2528 falso
515 2486 689 2520 attributa
712 2491 772 2523 est.
821 2489 940 2532 Neque
963 2499 1054 2533 quae
1079 2490 1292 2524 Colum-bani
1313 2491 1455 2524 nomine
1477 2493 1576 2524 extat
1599 2489 1715 2525 brevis
1737 2491 1780 2526 de
1802 2490 1901 2525 saltu
1924 2496 1959 2525 ³⁵

396 2534 503 2567 lunae
526 2535 709 2578 empositio,
734 2536 907 2580 incipiens
931 2538 1007 2570 ita:
1032 2536 1189 2572 Sanctus
1212 2536 1460 2574 Oolumbanus
1484 2537 1575 2573 haec
1600 2537 1646 2573 de
1671 2538 1766 2573 saltu
1789 2537 1899 2573 lunae

397 2581 459 2625 ait,
494 2592 603 2625 quam
638 2582 678 2617 P.
708 2582 855 2617 Gabriel
878 2583 1003 2626 Meter,
1039 2584 1322 2619 ‘Jahresbericht
1355 2586 1442 2619 uber
1475 2586 1532 2620 die
1564 2586 1679 2620 Lehr-
1716 2586 1793 2620 und
1825 2586 1900 2620 Er·
2005 2578 2008 2612 1

395 2629 570 2672 ziehunqs
579 2630 745 2664 -Anstalt
785 2631 846 2664 des
886 2631 1294 2675 Benedictiner-Stiftes
1334 2632 1712 2668 Maria-Einsiedeln’
1752 2633 1898 2680 1886s7,

390 2687 430 2720 p.
449 2678 508 2719 30,
541 2686 558 2709 e
582 2677 696 2711 codice
720 2678 948 2722 Sangallensi
969 2691 1004 2714 n.
1027 2681 1109 2723 250,
1145 2691 1233 2715 saec.
1256 2680 1325 2724 IX,
1354 2682 1527 2726 princeps
1559 2682 1682 2725 edidit,
1714 2681 1900 2726 yermam's

396 2725 513 2768 ipsius
543 2726 692 2769 scriptis
723 2726 812 2759 addi
841 2730 966 2770 potest,
1001 2728 1078 2761 licet
1111 2738 1189 2762 eam
1213 2728 1393 2771 Notyerus
1417 2728 1534 2764 Labeo
1568 2731 1607 2763 in
1640 2733 1800 2775 computo
1831 2737 1898 2764 suo
1921 2736 1959 2763 40
1990 2757 1995 2762 .

397 2772 608 2806 Columbani
630 2775 771 2807 nomine
795 2775 968 2817 citaverit,
984 2785 1070 2808 nam
1087 2779 1212 2810 auctor
1235 2776 1371 2818 cyclum
1386 2777 1703 2812 decemnovenalem
1727 2775 1899 2811 adhibens

396 2820 522 2854 multis
537 2821 646 2854 annis
663 2825 747 2864 post
767 2825 799 2855 et
809 2823 939 2866 procul
954 2822 1062 2857 dubio
1079 2833 1165 2858 saec.
1189 2823 1292 2859 VIII.
1307 2834 1361 2860 ex.
1380 2825 1431 2858 vel
1446 2824 1516 2860 IX.
1531 2826 1581 2860 in.
1598 2825 1702 2869 deqit.
1777 2823 1813 2871 1)
1841 2823 1898 2867 Cf·

399 2868 537 2911 Greith,
563 2867 698 2904 ‘Ge-sch.
733 2869 798 2902 der
830 2870 1039 2904 altirischen
1073 2871 1222 2905 Kirche’
1245 2882 1284 2915 p.
1302 2873 1386 2908 295.
1506 2873 1543 2916 2)
1575 2871 1644 2908 Ed.
1671 2871 1833 2906 Haddan
1865 2875 1899 2906 et

396 2915 525 2949 Stubbs
551 2916 573 2950 l.
593 2915 613 2951 l.
641 2916 693 2960 II,
708 2918 742 2961 2,
768 2927 804 2960 p.
821 2918 903 2953 292.
977 2917 1013 2964 3)
1050 2918 1159 2961 Beda,
1184 2919 1280 2954 Hist.
1307 2919 1382 2955 eccl.
1409 2919 1463 2963 II,
1481 2921 1516 2955 4.
1598 2921 1636 2965 4)
1671 2920 1712 2957 V.
1739 2918 1895 2955 Columb.

396 2963 428 3006 I,
449 2965 503 2999 19.
1920 2973 1957 3000 45
1995 2970 2008 2995 -’
