2008 3302
375 303 422 338 40
661 297 829 341 IONAS,
849 294 1008 332 VITAE
1033 292 1339 330 GOLUMBANI
1363 291 1508 328 LIBRI
1533 292 1584 330 II.

376 421 511 473 batur,
545 434 629 473 qua
661 417 792 461 Scotti
822 417 995 459 arbores
1025 415 1075 458 in·
1105 414 1226 458 silvis
1257 416 1477 457 caederent
1490 415 1516 469 1,
1549 415 1637 458 sive
1666 414 1874 458 miraculo

374 479 573 534 stupebat,
621 491 701 532 quo
747 477 945 519 horreum
989 475 1203 528 frumento
1248 478 1374 517 noctu
1417 474 1650 528 repleretur
1661 476 1690 516 2.
1760 473 1874 517 Eius

375 539 495 592 filius
514 537 560 580 B
570 551 593 579 o
604 538 626 580 b
638 537 686 579 ol
696 550 826 579 enus
839 538 939 589 post
955 533 1203 586 Bertulfum
1224 534 1357 576 abbas
1375 533 1627 577 monasterii
1645 533 1875 578 Bobiensis

375 599 524 641 electus
555 600 625 649 est,
658 596 770 649 quod
798 599 962 638 centum
980 592 1295 648 quinquaqinta
1313 593 1512 637 monachi
1532 598 1631 637 tunc
1651 607 1875 649 occupasse

375 657 588 710 feruntur.
651 655 701 697 Is
739 653 974 697 maximam
1013 666 1161 696 curam
1198 651 1421 707 privileqii
1462 652 1750 706 confirmandi
1789 667 1875 696 am-
1899 669 1917 695 ⁵

368 714 623 770 pliandique
637 713 721 769 eyit
739 713 871 767 illius,
894 713 1006 767 quod
1020 713 1074 755 ab
1089 711 1288 754 Honorio
1300 726 1421 766 papa
1441 713 1631 755 decessor
1645 716 1874 767 acceperat,

375 788 505 829 eaque
545 776 595 817 de
635 788 767 817 causa
797 771 1055 815 Rotharium
1094 785 1233 826 reqem
1264 771 1648 826 Lanyobardorum
1683 775 1723 815 et
1758 770 1876 815 Gun-

375 834 606 888 diberqam,
638 834 714 876 sub
745 846 922 886 quorum
951 830 1196 884 defensione
1226 830 1530 874 monasterium
1550 830 1738 885 positum
1769 835 1874 886 erat,

375 893 498 947 adiit,
531 897 579 936 ut
597 893 717 949 apud
745 893 882 935 sedem
903 890 1176 946 apostolicam
1197 889 1281 933 sibi
1300 890 1658 945 suffragarentur.
1710 891 1876 934 Eorum

375 952 675 996 intercessione
710 952 959 994 Theodorus
980 965 1103 1005 papa
1134 965 1175 992 a.
1200 954 1298 1004 643,
1331 949 1400 993 die
1431 955 1473 992 4.
1495 949 1630 1004 Maii,
1661 949 1876 994 Boboleno
1903 968 1937 994 10

378 1011 627 1067 ‘presbytero
658 1015 697 1054 et
726 1010 883 1054 abbati'
915 1014 1100 1064 optatam
1133 1008 1354 1064 privileyii
1388 1009 1754 1063 confirmationem
1784 1023 1876 1053 con-

375 1070 510 1114 cessit.
558 1070 687 1114 Patri
701 1069 952 1113 monasterii
972 1069 1126 1124 totique
1141 1068 1459 1123 conqreqationi
1474 1068 1711 1123 episcopum
1724 1068 1878 1124 eliyere

376 1130 537 1183 licebat,
562 1144 645 1184 per
676 1143 796 1184 quem
826 1129 1059 1172 missarum
1078 1127 1300 1171 sollemnia
1321 1128 1634 1172 celebrarentur
1663 1133 1740 1172 aut
1758 1142 1878 1183 pres·

375 1189 510 1244 byteri
541 1189 796 1243 diaconique
835 1189 898 1231 vel
939 1188 1107 1232 tabulae
1146 1188 1196 1230 in
1235 1187 1388 1242 quibus
1417 1187 1573 1231 missae
1603 1187 1878 1232 celebrandae

375 1253 512 1292 essent
532 1252 893 1302 consecrarentur,
926 1261 1099 1302 eumque
1123 1247 1428 1290 monasterium
1448 1247 1699 1302 inqressum,
1731 1247 1878 1301 officio
1902 1265 1937 1292 ιο

375 1322 498 1352 sacro
537 1308 738 1361 absoluto,
779 1308 924 1351 statim
963 1307 1084 1351 abire
1122 1321 1198 1351 nec
1236 1306 1461 1361 quicquam
1492 1307 1629 1361 pretii
1658 1307 1879 1362 postulare

374 1368 448 1421 fas
487 1371 592 1411 erat.
655 1367 806 1410 Etiam
845 1366 1015 1410 secretis
1052 1366 1304 1410 monasterii
1342 1366 1434 1422 ipse
1464 1366 1784 1421 prohibebatur,
1825 1381 1879 1410 ne

375 1427 518 1481 quieta
547 1427 851 1470 monachorum
880 1426 970 1469 vita
1001 1428 1256 1469 turbaretur.
1314 1426 1547 1469 Praeterea
1577 1426 1876 1480 sacerdotibus,

375 1486 464 1529 nisi
494 1490 632 1529 essent
669 1486 817 1540 vocati,
852 1490 1039 1540 potestas
1079 1484 1252 1528 omnino
1282 1485 1405 1529 nulla
1443 1485 1494 1528 in
1523 1485 1781 1529 monasterio
1812 1499 1878 1528 ecc·

375 1546 557 1589 ercenda
587 1549 681 1588 erat
719 1559 852 1600 neque
882 1545 931 1588 in
961 1546 1086 1588 rebus
1115 1559 1248 1599 neque
1278 1545 1327 1587 in
1357 1544 1559 1599 personis
1594 1545 1853 1588 ordinandis
1861 1560 1878 1600 ,·
1903 1561 1938 1588 ιο

376 1606 507 1648 abbas
537 1619 634 1648 vero
656 1609 756 1659 post
785 1609 958 1648 mortem
981 1604 1129 1659 patris
1153 1604 1194 1646 is
1218 1604 1489 1647 ordinandus
1508 1608 1614 1658 erat,
1646 1618 1768 1659 quem
1793 1609 1878 1648 tota

376 1664 643 1719 conqreyatio
687 1664 887 1719 eleqisset.
960 1663 1175 1719 Inprimis
1221 1664 1410 1718 episcopo
1456 1663 1704 1707 dioecesano
1747 1663 1877 1708 inter·

376 1723 533 1767 dictum
573 1727 678 1777 erat,
719 1738 773 1767 ne
801 1723 1080 1778 privileqium
1119 1723 1382 1778 infrinqeret
1418 1728 1495 1766 aut
1534 1723 1731 1768 ecclesias
1769 1723 1878 1767 deci-

374 1797 546 1837 masque
573 1782 824 1826 monasterii
853 1787 1094 1837 usurparet.
1149 1782 1400 1837 Disciplina
1431 1783 1550 1826 intra
1573 1783 1878 1827 monasterium

368 1842 491 1896 patri
521 1842 802 1896 conveniebat,
836 1842 905 1886 cui
934 1842 1133 1886 monachi
1164 1842 1295 1896 tepidi
1325 1844 1386 1886 ad
1413 1843 1606 1897 requlam
1633 1842 1879 1898 corriyendi
1902 1859 1938 1886 ιο

375 1906 524 1956 erant,·
548 1902 620 1945 sin
639 1902 729 1956 ipse
744 1916 838 1945 eam
853 1901 1112 1956 neglexisset,
1135 1901 1249 1945 sedis
1264 1902 1519 1956 apostolicae
1538 1901 1879 1946 iurisdictionem

374 1961 543 2004 subibat
555 1962 583 2003 ⁸.
647 1961 817 2005 Similis
856 1961 1097 2016 aryumenti
1130 1966 1404 2017 praeceptum
1443 1963 1497 2005 ab
1536 1961 1628 2016 ipso
1664 1961 1878 2006 Rothario

375 2035 469 2075 reqe
499 2020 756 2064 monasterio
788 2035 1025 2064 concessum
1056 2020 1223 2064 videtur
1253 2035 1352 2075 esse,
1385 2034 1511 2075 eoque
1534 2021 1720 2076 inspecto
1739 2021 1878 2064 Rodo-

374 2080 500 2123 aldus
539 2079 659 2133 filius
703 2080 839 2135 ipsius
881 2079 1110 2123 ‘Bobuleno
1150 2080 1295 2124 abbati
1335 2085 1373 2123 et
1405 2081 1666 2136 presbytero’
1701 2095 1742 2123 a.
1777 2084 1876 2135 652,

375 2139 444 2182 die
483 2144 525 2183 4.
560 2139 814 2184 Novembris
844 2154 998 2183 novum
1029 2139 1154 2193 dedit,
1196 2141 1309 2194 quod
1343 2140 1497 2187 adhuc
1512 2144 1711 2194 superest.
1773 2140 1878 2195 F4n‘-
1903 2157 1940 2184 ao

374 2198 489 2253 scopi
528 2199 769 2243 dioecesani
808 2203 1007 2254 potestate
1045 2200 1223 2254 sublata,
1272 2200 1332 2242 ad
1370 2200 1605 2243 sacrandos
1643 2201 1879 2243 sacerdotes

375 2258 612 2312 episcopum
642 2258 862 2312 quemlibet
899 2259 1119 2302 monachis
1159 2273 1371 2302 arcessere
1409 2273 1486 2302 rex
1517 2259 1729 2314 permisit,
1769 2259 1878 2302 duas

375 2331 471 2360 vero
503 2317 770 2361 condiciones
800 2318 966 2372 adiecit,
1009 2323 1056 2361 ut
1092 2317 1276 2362 ‘deintra
1307 2318 1431 2373 reyni
1469 2318 1606 2373 ipsius
1637 2318 1876 2362 terminum'

375 2375 598 2431 eliqeretur
651 2381 776 2431 utque
831 2378 981 2421 electus
1037 2377 1087 2420 in
1141 2377 1336 2420 notitiam
1394 2378 1532 2432 ipsius
1572 2377 1878 2433 perferretur,-

374 2434 473 2478 item
513 2436 679 2479 abbatis
719 2436 903 2491 eliqendi
942 2437 1189 2489 facultatem
1228 2437 1484 2481 monasterio
1521 2439 1657 2481 denuo
1687 2437 1835 2481 obtulit
1845 2438 1875 2479 4.
1903 2454 1938 2481 ³5

377 2575 412 2621 1)
439 2576 478 2612 V.
506 2576 661 2612 Columb.
689 2576 719 2618 I,
741 2578 797 2613 15.
887 2577 923 2620 2)
950 2576 1007 2612 Ib.
1034 2576 1066 2621 I,
1087 2579 1142 2613 17.
1230 2577 1266 2623 3)
1293 2578 1354 2612 Εα
1378 2589 1467 2622 quae
1485 2581 1676 2622 praeterea
1700 2579 1741 2612 in
1759 2579 1879 2623 pavia.

375 2623 466 2667 leqio
483 2624 629 2667 papali
660 2625 728 2666 (ed.
754 2626 794 2658 in
830 2624 923 2659 Hist.
953 2626 1102 2668 patriae
1134 2635 1289 2661 monum.
1318 2626 1443 2662 Char&
1469 2626 1502 2670 I,
1527 2626 1591 2662 col.
1615 2627 1664 2667 6,·
1699 2626 1748 2669 cf.
1773 2624 1882 2669 Jaffe'

373 2682 410 2707 n.
427 2670 560 2715 20532)
583 2676 821 2715 enarrantur,
849 2672 979 2706 scilicet
995 2674 1144 2706 mitram
1161 2674 1305 2717 aliaque
1323 2674 1552 2717 pontificalia
1575 2673 1699 2708 abbati
1719 2683 1879 2709 comessa

374 2729 456 2762 esse,
481 2722 662 2763 suspectae
686 2718 771 2761 fidei
791 2724 897 2763 sunt5
930 2721 975 2762 cf.
1001 2720 1199 2764 Muratori,
1225 2721 1380 2755 ‘Annali
1401 2720 1568 2755 d'Italia'
1592 2721 1619 2756 I
1623 2721 1664 2766 V,
1681 2722 1739 2758 92.
1779 2721 1879 2767 Apo-

372 2765 541 2811 yraphon
566 2767 659 2800 em'm
683 2777 718 2802 a.
738 2767 842 2802 1172.
867 2771 1060 2801 exi-aratum
1093 2778 1203 2811 quam
1236 2770 1394 2803 maxime
1418 2769 1662 2803 adulteratum
1695 2771 1747 2803 est
1769 2779 1879 2814 neque
1900 2776 1938 2802 40

373 2823 456 2848 vero
479 2815 574 2848 inter
597 2815 848 2859 suppositict'as
871 2814 1035 2848 chartam
1059 2815 1232 2858 referam,
1265 2826 1344 2850 cum
1378 2817 1540 2859 formula
1562 2819 1774 2862 comparata
1797 2826 1877 2850 cum

373 2863 532 2904 yenuina
578 2862 928 2905 Buryundofaronis
975 2862 1103 2895 charta
1151 2864 1190 2896 in
1238 2865 1445 2898 universum
1494 2869 1657 2899 constare
1702 2864 1876 2901 metentur.

375 2908 413 2953 4)
448 2909 681 2953 Praeceptum
715 2909 892 2944 Rodoaldi
924 2910 995 2952 (ed.
1021 2909 1119 2945 Hist.
1142 2911 1289 2954 patriae
1322 2922 1477 2947 monum.
1504 2911 1631 2949 chart.
1655 2911 1690 2952 I,
1724 2911 1787 2948 col.
1813 2913 1877 2953 10)

376 2966 419 2989 ex
445 2956 656 3001 apoqrapho
678 2967 766 2993 saec.
793 2957 860 2993 IX.
886 2961 951 2991 aut
975 2957 1022 2992 X.
1049 2957 1180 2991 editum
1208 2959 1394 3002 permulta
1427 2959 1530 2993 valde
1553 2960 1681 2994 rustici
1702 2960 1877 2994 sermom’e
