2008 3302
371 299 417 334 88
655 296 823 341 IONAS,
841 296 1003 332 VITAE
1029 294 1334 331 COLUMBANI
1358 294 1502 330 LIBRI
1521 294 1574 332 H.

363 419 592 473 pastorale,
624 417 805 460 sinistra
825 417 978 460 librum
999 418 1208 470 quendam
1229 420 1372 459 tenens
1392 415 1575 459 litteram
1597 414 1864 470 primariam
1925 441 1932 461 ι

370 479 414 519 R
443 491 476 520 c.
503 482 525 519 1
568 473 887 532 (Rutilantem)
919 475 1205 530 pulcherrime
1236 475 1400 529 pictam
1439 479 1623 529 occupat,
1662 476 1739 518 sed
1775 479 1863 518 ton-

371 550 476 578 sura
521 535 720 578 Romana
766 539 943 578 ornatus
988 550 1016 578 a
1060 539 1243 577 veterum
1290 535 1522 577 Scottorum
1567 533 1863 577 consuetudine

370 594 542 637 interim
573 594 772 646 defecisse
801 594 978 637 videtur.
1046 593 1344 637 Condicionem
1383 597 1517 635 textus
1546 607 1599 636 ex
1626 592 1864 646 scripturae
1979 594 1982 598 ’

372 653 596 707 specimine
631 653 817 707 intelleqi
855 653 959 707 licet,
1001 654 1113 706 quod
1150 652 1266 695 dedit
1302 652 1479 695 Lawlor
1516 653 1601 695 tab.
1641 652 1749 706 VII,
1787 651 1864 707 qui
1885 670 1904 696 ε
1974 643 1993 705 Ξ

372 713 525 755 librum
547 727 598 768 p.
622 717 677 755 42
695 726 755 766 sq.
788 712 1023 768 descripsit.
1975 707 1991 750 ἵ,

514 772 558 814 A
584 770 695 827 2a's's)
742 771 879 815 Codex
909 770 1220 814 Duacensis
1258 785 1300 814 n.
1335 774 1433 824 855,
1464 785 1574 814 saec.
1609 769 1714 824 XV,
1762 770 1864 813 olim

370 831 622 874 monasterii
653 828 733 874 SS.
765 830 886 873 Petri
916 835 956 873 et
983 830 1116 873 Pauli
1137 830 1468 884 Hasnoniensis,
1500 829 1641 884 ibique
1669 829 1865 884 siqnatus

381 890 534 933 G788.
567 890 614 933 D
632 894 729 944 804,
763 890 832 932 cui
862 891 1006 932 eadem
1036 894 1159 942 atque
1189 889 1233 931 A
1250 886 1335 931 2a*.
1365 887 1426 932 a**
1457 888 1616 943 insunt,
1647 888 1807 932 scilicet

515 949 589 1002 fol.
615 953 700 991 1—
710 949 796 991 43‘.
829 949 877 991 V.
906 948 1157 992 Oolumbani
1175 963 1266 991 una
1286 962 1379 991 cum
1399 947 1590 1002 epistula,
1614 947 1691 991 sed
1709 949 1865 1002 absque
1888 965 1924 991 10

371 1008 572 1051 laterculo
601 1008 796 1062 capitum,
1985 1015 1987 1019 '

515 1067 590 1119 fol.
615 1066 841 1109 43‘—49‘.
874 1067 922 1109 V.
952 1067 1138 1109 Athalae
1171 1064 1258 1120 (ΙΙ,
1285 1065 1439 1121 1—6),

515 1126 590 1178 fol.
614 1130 802 1167 50—72.
835 1127 1010 1181 Incipit
1041 1126 1159 1168 liber
1190 1127 1246 1168 de
1276 1126 1466 1168 diversis
1496 1126 1743 1178 mira-culis,
1774 1124 1804 1168 i.
1827 1139 1863 1168 e.

372 1185 584 1228 miracula
604 1184 927 1238 Evoriacensia,
962 1183 1051 1238 (ΙΙ,
1078 1183 1273 1238 11—22)
1307 1189 1346 1227 et
1363 1184 1440 1236 fol.
1464 1188 1519 1226 63
1531 1188 1662 1226 —72.
1689 1184 1738 1227 V.
1758 1183 1865 1227 Ber-

374 1245 469 1296 tulfi
507 1259 597 1286 una
637 1258 730 1286 cum
774 1243 997 1286 miraculis
1036 1243 1320 1286 Bobiensibus
1361 1242 1453 1297 (II,
1485 1244 1714 1299 23—25),
1757 1257 1866 1297 quae
1889 1260 1925 1287 ιε

374 1303 475 1346 haec
523 1302 770 1357 subscriptio
819 1302 1109 1356 subsequitur:
1157 1303 1360 1359 Explicit
1409 1303 1526 1346 liber
1582 1303 1866 1346 diversorum

373 1363 711 1405 miraculorum.

516 1421 591 1463 Ad
637 1422 871 1475 supplenda
909 1436 960 1464 ea
1006 1435 1113 1475 quae
1153 1421 1331 1463 Lawlor
1362 1435 1407 1474 p.
1442 1423 1512 1462 43.
1553 1421 1604 1463 de
1642 1420 1718 1463 hoc
1757 1419 1867 1463 libro

373 1481 593 1523 rettulerat
621 1482 680 1522 ad
708 1482 883 1523 eundem
914 1479 1272 1523 bibliothecarium
1298 1479 1473 1523 Riviere
1502 1479 1672 1522 nomine
1702 1478 1868 1522 litteras

374 1539 483 1593 dedi,
510 1554 553 1584 ,a
593 1553 672 1593 quo
713 1539 784 1582 ille
824 1539 976 1582 certior
1014 1540 1154 1592 factus
1193 1543 1294 1592 erat,
1336 1540 1558 1592 eademque
1597 1537 1866 1591 officiositate
1889 1554 1927 1581 20

373 1598 485 1641 idem
528 1613 687 1641 mecum
731 1598 1054 1641 communicavit
1105 1612 1156 1640 ea
1207 1611 1315 1652 quae
1358 1597 1467 1641 scire
1511 1597 1864 1641 desideraveram.

373 1657 489 1700 Hiat
516 1657 649 1711 iqitur
679 1659 805 1700 codex
834 1657 896 1700 ibi
925 1657 999 1700 ubi
1028 1657 1072 1699 A
1090 1655 1164 1699 2a÷
1198 1656 1256 1710 (Ι,
1284 1655 1326 1711 1)
1368 1657 1586 1711 eodemque
1621 1656 1708 1700 loco
1737 1657 1866 1700 Deus

370 1717 548 1759 eochibet.
611 1717 759 1759 Etiam
789 1716 839 1759 in
870 1717 978 1759 libro
1009 1717 1141 1759 altero
1172 1730 1265 1758 cum
1295 1719 1339 1758 A
1358 1720 1414 1758 2a
1445 1715 1659 1759 convenit:

368 1796 377 1823 3
405 1776 475 1829 ΙΙ,
492 1781 559 1818 11.
592 1778 800 1832 superius
823 1772 980 1831 fuisse]
1009 1778 1301 1818 narraturum
1324 1775 1421 1818 add.
1444 1773 1592 1818 A2a††
1612 1789 1706 1818 cum
1726 1774 1864 1828 Mab„

658 1850 712 1877 m.
746 1835 800 1878 al.
834 1836 932 1878 add.
965 1835 1109 1888 A2a;
1890 1849 1927 1876 ευ

405 1894 475 1945 II,
490 1899 544 1936 23
562 1908 624 1936 ex.
657 1891 858 1950 famulis]
894 1908 972 1936 om.
1004 1893 1180 1947 A2a††;
1210 1907 1334 1936 versu
1364 1897 1536 1936 exeunte
1567 1907 1645 1935 om.
1677 1892 1823 1947 Am,-

405 1954 474 2006 ΙΙ,
488 1957 557 1995 25.
590 1950 809 2009 pabratas]
844 1955 964 1996 viros
1004 1957 1185 2008 patrare
1223 1955 1306 1995 has
1337 1952 1381 1994 A
1403 1949 1514 2004 2a††;
1558 1955 1742 2008 patrare
1781 1953 1866 1994 has

658 2013 702 2055 A
724 2017 792 2066 2α,
1054 2052 1056 2055 ,
1844 2044 1846 2046 -

375 2085 546 2125 cumque
566 2073 767 2115 vocabula
786 2071 988 2125 exhibeat,
1022 2085 1128 2125 quae
1153 2070 1250 2114 huic
1274 2070 1408 2114 codici
1428 2074 1576 2125 postea
1607 2070 1730 2113 illata
1752 2073 1865 2124 sunt,

376 2144 546 2184 cumque
571 2131 735 2173 omittat
756 2131 804 2173 id
827 2131 938 2184 quod
960 2145 1084 2173 versu
1108 2134 1279 2173 exeunte
1302 2130 1364 2172 ibi
1387 2129 1588 2172 omissum
1612 2133 1682 2183 est,
1714 2128 1867 2172 iterum
1891 2145 1927 2171 so
1984 2135 1994 2189 J

366 2191 586 2243 probatur,
619 2191 731 2233 hanc
760 2189 977 2242 familiam
1007 2203 1059 2232 ex
1088 2190 1132 2231 A
1149 2189 1206 2232 2a
1229 2190 1428 2245 pendere.

518 2247 712 2304 A2a÷††)
760 2249 899 2292 Codex
937 2248 1289 2292 Parisiensis
1328 2263 1370 2291 n.
1403 2252 1532 2302 5278,
1573 2261 1682 2291 saec.
1717 2246 1865 2301 XIII,

376 2308 474 2349 olim
513 2308 776 2350 Colbertinus
815 2323 858 2351 n.
891 2312 957 2362 11,
999 2308 1150 2350 deinde
1179 2307 1341 2362 Reqius
1378 2307 1423 2351 Ο.
1447 2310 1576 2350 3594.
1602 2311 1640 2360 7,
1679 2306 1756 2359 fol.
1779 2310 1865 2348 380

376 2389 428 2395 -
445 2371 528 2408 393
554 2365 757 2420 (praescr.
771 2382 784 2409 .·
808 2368 983 2422 Incipit
1009 2369 1104 2409 viba
1131 2367 1406 2410 columbani
1428 2367 1659 2410 Soofiensis
1685 2366 1867 2409 abbatis

376 2427 755 2468 monasteriorum
787 2427 1086 2469 Luxoviensis
1128 2429 1265 2481 atque
1309 2424 1596 2480 Eboluensis)
1636 2424 1792 2468 librum
1822 2424 1865 2467 Ι.
1890 2439 1926 2466 ³5

376 2484 530 2538 absque
569 2485 749 2538 epistula
795 2489 832 2527 et
877 2485 1075 2527 laterculo
1115 2485 1298 2538 capitum
1337 2484 1512 2527 exhibet.
1579 2484 1735 2527 Textus
1773 2483 1869 2527 licet

375 2543 543 2586 ineunte
574 2558 607 2586 c.
635 2548 672 2585 1.
704 2543 878 2586 minime
917 2543 1002 2586 hiet
1042 2558 1134 2586 cum
1165 2543 1288 2586 libris
1318 2543 1362 2585 A
1379 2547 1447 2597 2a,
1489 2542 1558 2585 his
1597 2547 1738 2585 tamen
1767 2556 1867 2596 pro-

374 2602 515 2645 ximus
546 2603 716 2656 accedit,
750 2603 857 2645 sicut
887 2617 938 2645 ex
968 2602 1212 2645 lectionibus
1242 2602 1428 2656 intelleqi
1458 2601 1554 2645 licet
1582 2601 1719 2645 hisce:

454 2662 493 2715 Ι,
521 2666 557 2704 1.
619 2660 940 2717 refulgentem]
973 2663 1256 2717 refulgentia
1286 2662 1330 2703 A
1348 2660 1462 2704 2a⁴s'‘⁴s
1493 2675 1586 2704 cum
1616 2661 1747 2704 Aea.
1782 2664 1830 2712 3;

454 2722 493 2774 Ι,
517 2726 556 2764 2.
620 2718 826 2777 sequens]
861 2723 1023 2764 sedens
1055 2720 1229 2763 ΑῑὶιίΓΗ
1261 2735 1352 2763 cum
1374 2734 1448 2775 pr.
1480 2734 1535 2763 m.
1567 2720 1710 2774 A2a,'
1889 2731 1928 2761 ιο
1990 2759 1997 2771 ,,

454 2781 494 2834 I,
521 2785 586 2823 17.
621 2777 806 2836 Oloade]
843 2781 991 2823 doatis
1023 2778 1196 2823 A2a†††
1228 2794 1321 2822 cum
1351 2780 1390 2822 A
1419 2777 1539 2822 2a*“.
1983 2775 2008 3023 ἱ

1998 572 2008 729 Ξ

1994 740 2008 764 .

385 2840 526 2882 Vitam
566 2838 717 2882 ‘adhuc
748 2854 892 2894 pauca
942 2840 991 2881 de
1037 2838 1263 2882 virtutibus
1313 2838 1450 2881 sancti
1497 2837 1760 2882 Columbani'
1809 2851 1867 2881 se-

375 2899 590 2953 quunturl
620 2913 751 2953 neque
780 2913 877 2942 vero
897 2897 1126 2941 Bobiensis
1155 2899 1230 2941 seol
1247 2897 1439 2953 Hyensis
1469 2897 1647 2951 abbatis,
1678 2897 1870 2951 idemque

377 3019 410 3065 1)
438 3021 549 3056 Catal.
575 3021 697 3056 Paris.
722 3021 772 3056 ed.
800 3021 964 3056 Bolland.
987 3020 1020 3064 I,
1041 3031 1080 3064 p.
1099 3022 1179 3057 477.
