2008 3302
4 438 12 487 -ψν
5 414 8 425 ψ

100 903 135 929 10

98 1202 135 1229 {5

96 1800 134 1827 25

95 2100 134 2126 80

95 2398 133 2425 ⁸5

94 2722 134 2747 40

94 2960 133 2986 45

486 226 654 271 IONAs,
672 226 801 263 VITA
818 226 1072 264 VEDASTIS
1097 227 1341 265 EPISOOPI.
1595 232 1666 267 307

161 350 354 394 suindae
387 349 621 401 scriberet,
664 350 714 392 in
745 364 794 393 re
825 353 923 392 tam
955 351 999 393 ei
1030 365 1167 406 quam
1201 352 1390 395 Francis
1424 351 1664 409 Gallisque

162 410 403 453 notissima
436 410 669 460 erravisse,
713 412 761 453 et
794 424 876 466 pro
910 410 1072 453 beatae
1105 411 1281 454 Mariae
1314 412 1516 455 Basilica
1546 413 1663 455 Mar-

161 470 251 512 tini
285 469 547 519 Basilicam,
581 470 676 512 sive
709 484 790 526 pro
823 470 1136 513 Durocortoro
1169 471 1417 514 Remorum
1451 471 1664 516 Caesaro-

161 530 338 572 dunum
385 529 621 571 Turonum
669 530 887 585 posuisse,
936 543 1074 585 quam
1121 531 1281 574 urbem
1334 534 1518 574 constat
1563 535 1664 575 tum

161 589 347 632 Alarico
372 589 722 644 Visigothorum
753 589 872 645 Regi
903 590 1121 645 paruisse.
1179 589 1371 633 Fortiter
1401 591 1472 634 ille
1504 591 1666 635 Nicetii

159 647 452 692 auctoritatem
484 647 629 702 tenuit,
672 648 767 692 licet
804 652 961 691 textum
1000 648 1091 691 eius
1120 650 1230 692 male
1271 649 1577 706 interpretatus
1607 652 1667 694 ad

157 709 303 752 urbem
334 707 595 762 Remensem,
636 712 683 751 ut
717 707 875 762 monui,
909 708 1103 751 Martini
1136 708 1292 752 limina
1323 710 1541 765 rettulerit,
1584 724 1665 765 quo

159 769 210 812 de
241 781 386 811 errore
416 767 539 811 hodie
570 782 658 811 non
688 767 933 823 ambigitur.

309 828 432 882 Quod
475 828 535 870 ad
572 826 905 882 Wisiyothorum
951 827 1159 871 dicionem
1209 833 1387 884 spectat,
1442 829 1512 873 cui
1561 831 1665 874 urbs

164 888 383 930 Turonum
400 902 440 930 a.
460 891 561 930 496.
575 887 780 941 paruisse
795 887 973 942 videtur,
997 888 1109 931 hanc
1124 887 1424 941 difficultatem
1447 890 1499 932 G.
1515 890 1665 933 Kurth

158 947 367 1001 facillime
397 961 619 1002 superasse
654 946 739 990 sibi
769 947 885 990 visus
915 951 1019 1002 erat,
1052 961 1189 1002 reqem
1220 962 1375 1002 eorum,
1421 949 1460 992 si
1490 954 1665 1003 royatus

159 1011 274 1061 esset,
313 1006 660 1062 pereyrinationi
706 1006 982 1051 Chlodovechi
1018 1008 1260 1050 Turonensi
1301 1007 1375 1050 vioe
1415 1008 1664 1052 obstiturum

157 1066 295 1120 fuisse
334 1071 535 1121 statuens,
586 1067 776 1121 idemque
816 1071 1111 1122 aryumentum
1155 1069 1300 1110 eadem
1337 1069 1490 1122 procul
1537 1068 1664 1112 dubio

157 1126 370 1180 facilitate
400 1128 460 1170 ad
494 1127 747 1181 baptismum
786 1126 950 1180 referre
981 1131 1162 1181 poterat,
1204 1127 1294 1170 nisi
1332 1128 1432 1171 urbi
1463 1128 1666 1171 Remensi

158 1186 340 1230 nimium
385 1186 625 1230 studuisset.
703 1187 897 1229 Turonos
941 1201 1039 1230 vero
1083 1187 1159 1230 sub
1205 1188 1479 1230 Francorum
1520 1188 1666 1243 potius

159 1246 326 1290 dicione
356 1261 402 1290 eo
434 1251 615 1302 tempore
645 1246 793 1300 fuisse,
835 1247 903 1290 W.
930 1246 1116 1290 Levison
1131 1247 1145 1273 ¹
1184 1247 1323 1290 socius
1358 1262 1476 1290 meus
1506 1262 1558 1291 ex
1588 1248 1665 1291 ali-

159 1310 259 1360 quot
301 1306 479 1350 indiciis
525 1310 643 1350 acute
683 1306 877 1361 colliyere
917 1311 1091 1350 conatus
1134 1311 1211 1361 est,
1259 1321 1434 1350 monens
1475 1307 1666 1351 Volusia-

159 1380 262 1410 num
275 1367 292 1392 ²
336 1366 556 1410 Turonum
601 1366 839 1421 episcopum
886 1366 1038 1410 Gothis
1083 1370 1329 1421 suspectum,
1371 1369 1484 1421 quod
1521 1367 1664 1410 Fran—

160 1440 303 1470 corum
342 1425 522 1481 imperio
562 1441 606 1469 se
649 1427 824 1469 subdere
850 1425 1070 1480 'voluisset,
1119 1426 1168 1469 in
1214 1426 1388 1469 emnium
1434 1428 1666 1481 releyatum

165 1486 340 1529 Tolosae
371 1486 481 1529 diem
512 1500 753 1540 supremum
785 1486 938 1529 obiisse
975 1486 1288 1540 Gothorumque
1320 1487 1520 1542 potestati
1550 1486 1665 1529 Bur-

159 1545 379 1601 diyalamss
409 1561 451 1589 a.
476 1549 576 1589 498.
608 1550 794 1600 ereptam
825 1546 1017 1589 Francis
1056 1546 1239 1589 cessisse.
1309 1547 1431 1600 Quod
1464 1548 1524 1589 ad
1552 1547 1665 1589 hanc

160 1605 401 1660 opinionem
427 1607 770 1659 confirmandam
801 1606 945 1649 Vitam
967 1605 1194 1649 Sollemnis
1218 1605 1404 1661 episcopi
1432 1606 1665 1650 Carnoteni

159 1665 312 1718 attulit,
353 1666 532 1710 stolidus
572 1666 644 1709 ille
683 1666 933 1720 inutilisque
972 1666 1073 1719 fons
1112 1667 1240 1719 fidem
1284 1665 1456 1708 omnino
1499 1667 1663 1709 nullam

158 1726 382 1778 meretur-4,
413 1725 603 1780 iustoque
633 1726 729 1769 iure
755 1727 804 1769 de
829 1740 874 1769 eo
903 1726 957 1769 G.
980 1726 1129 1768 Kurth
1143 1726 1159 1751 ⁵
1182 1725 1294 1769 idem
1319 1725 1529 1769 iudicavit
1553 1728 1666 1780 quod

158 1799 232 1840 eqo
262 1785 397 1828 simili
428 1786 646 1829 occasione
659 1787 686 1839 ⁶,
725 1786 838 1829 hanc
874 1785 1034 1829 scilicet
1062 1785 1178 1828 viam
1209 1787 1269 1828 ad
1297 1785 1549 1828 Aimoinum
1580 1790 1662 1829 ten-

159 1846 256 1888 dere
299 1845 504 1889 historiae
550 1846 825 1889 Francorum
862 1850 1110 1900 patronum.
1180 1845 1342 1888 Auctor
1387 1845 1499 1888 vitae
1545 1845 1663 1888 illius

158 1904 510 1948 mendacissimus
549 1920 656 1948 saec.
690 1906 782 1947 IX.
810 1905 887 1960 in„
928 1909 976 1948 ut
1010 1909 1156 1948 sancto
1196 1919 1272 1948 suo
1305 1904 1510 1959 baptizati
1550 1905 1663 1960 reyis

158 1965 435 2008 Francorum
478 1965 662 2020 qloriam
708 1965 931 2008 vindicare
969 1969 1129 2019 posset,
1183 1965 1269 2008 loco
1315 1964 1662 2007 Alamannorum

165 2024 400 2067 Gothorum
446 2025 598 2068 bellum
642 2025 785 2079 finivit,
833 2039 913 2079 quo
950 2039 1088 2079 reyem
1128 2025 1188 2067 ad
1222 2025 1348 2078 fidem
1381 2024 1663 2067 christianam

158 2088 403 2127 commotum
423 2099 511 2128 esse
531 2084 688 2138 voluit;
718 2084 857 2127 verbis
881 2098 978 2128 vero
1009 2085 1058 2127 V.
1091 2084 1287 2127 Vedastis
1311 2085 1371 2127 ad
1390 2084 1664 2127 Alamannos

158 2144 442 2198 spectantibus
485 2149 571 2187 tam
617 2144 883 2198 impudenter
928 2144 1084 2187 abusus
1130 2148 1191 2186 est
1205 2144 1230 2198 ⁷,
1283 2148 1331 2186 ut
1376 2144 1452 2186 hos
1498 2158 1662 2187 summa

158 2204 346 2248 audacia
392 2219 538 2248 erasos
583 2204 669 2258 ipsi
715 2204 1036 2258 interpolatores
1085 2203 1135 2246 in
1181 2208 1338 2246 textum
1385 2203 1661 2246 restituerint.

158 2263 389 2308 Eiusmodi
419 2264 585 2308 auctori
616 2263 907 2307 auctoritatem
937 2264 1070 2306 ullam
1101 2263 1279 2306 attribui
1309 2277 1397 2306 non
1428 2263 1535 2306 licet.

307 2325 429 2379 Quod
447 2324 487 2367 si
507 2325 651 2367 urbem
675 2324 963 2366 Turonensem
984 2323 1169 2366 dicionis
1189 2323 1463 2366 Francorum
1484 2338 1593 2367 saec.
1611 2324 1661 2367 V.

157 2389 331 2427 eoeeunte
352 2384 622 2439 aliquamdiu
637 2383 772 2436 fuisse
792 2383 861 2427 W.
879 2383 1065 2426 Levison
1085 2387 1192 2426 recte
1209 2383 1433 2426 coniecisse
1448 2383 1661 2437 statueris,

157 2444 267 2487 sicut
285 2444 577 2498 Burdiyalam
607 2443 797 2498 ipsorum
822 2443 957 2496 fuisse
980 2447 1152 2497 constat,
1186 2443 1266 2486 has
1290 2457 1434 2485 eorum
1460 2442 1663 2486 victori-as

157 2518 245 2547 non
276 2518 606 2547 commemorans
644 2503 877 2558 Greyorius
908 2517 993 2557 pro
1032 2502 1124 2557 ipso
1156 2502 1357 2558 baptismi
1392 2503 1478 2546 loco
1517 2505 1662 2546 urbem

159 2621 194 2666 1)
213 2621 266 2657 W.
290 2622 452 2664 Levison,
478 2622 572 2655 ‘Zur
596 2620 797 2655 Geschichte
821 2621 882 2655 des
901 2621 1207 2663 Frankenlconiys
1230 2620 1468 2654 Chlodowech’
1494 2620 1662 2662 (‘Jahrb.

157 2670 192 2705 d.
217 2670 364 2704 Vereins
387 2680 454 2703 von
479 2669 757 2711 Alter-thumsfr.
783 2669 834 2702 im
858 2667 1014 2704 Rheinl!
1034 2670 1114 2712 103,
1135 2679 1175 2712 p.
1193 2670 1240 2704 42
1254 2669 1357 2711 sqq).
1470 2670 1508 2711 2)
1542 2667 1660 2712 Grey„

157 2716 205 2753 Η.
232 2718 299 2754 Fr.
326 2717 378 2761 ΙΙ,
397 2718 456 2752 26.
483 2717 532 2760 X,
553 2719 609 2752 31.
683 2718 721 2761 3)
750 2717 853 2752 Auct.
870 2716 999 2761 Prosp.
1017 2716 1150 2759 Havn.,
1179 2717 1280 2752 Auct.
1298 2717 1410 2759 antiq.
1428 2715 1499 2759 IX,
1517 2727 1556 2760 p.
1572 2717 1662 2757 331,-

157 2765 206 2808 ον’.
232 2765 296 2801 SS.
322 2776 397 2801 rer.
418 2765 549 2800 Merov.
567 2764 645 2807 III,
668 2776 705 2809 p.
723 2765 805 2807 465,
832 2775 868 2800 n.
889 2766 920 2800 1.
994 2766 1030 2808 4)
1058 2765 1114 2806 Cf.
1138 2764 1196 2799 ίΝ.
1216 2763 1336 2799 Ανοῆ.’
1355 2763 1500 2807 XXIV,
1522 2775 1562 2808 p.
1580 2765 1661 2799 371.

159 2813 195 2858 5)
225 2813 267 2849 G.
286 2813 424 2856 Kurth‚
452 2813 595 2847 ‘Clovis'
612 2812 666 2856 II,
690 2824 727 2856 p.
746 2814 816 2848 283
827 2811 850 2848 ².
949 2811 985 2858 6)
1015 2810 1070 2848 ‘N.
1088 2811 1214 2847 Arch.’
1230 2811 1322 2854 XII,
1343 2822 1382 2854 p.
1402 2812 1481 2846 289.
1558 2812 1593 2854 7)
1622 2812 1661 2848 V.

157 2861 345 2895 Sollemnis
370 2863 458 2897 c.7.·
491 2860 659 2905 pergit
693 2859 740 2894 ad
772 2859 966 2904 proelium,
1003 2870 1197 2903 cumque
1233 2858 1359 2893 acies
1391 2861 1518 2893 contra
1545 2859 1662 2893 aciem

157 2908 403 2953 utrimque
434 2908 509 2943 tela
533 2907 664 2943 emissa
688 2907 877 2952 iactarent,
904 2928 948 2934 —-
974 2928 1022 2933 ———
1048 2918 1132 2942 cum
1157 2908 1298 2952 terga
1324 2905 1503 2940 dederunt
1530 2910 1592 2951 (=
1620 2908 1660 2943 V.

164 2957 246 2992 Ved.
263 2957 295 2999 I,
322 2967 349 2992 c.
368 2957 416 3001 2).
1376 2978 1446 3014 20*
