2008 3302
362 278 408 313 12
649 273 817 320 IONAS,
834 273 998 310 VITAE
1025 272 1331 309 OOLUMBANI
1355 273 1502 309 LIBRI
1526 274 1578 311 Π.

359 397 482 440 missi
504 398 564 440 ad
589 395 845 450 Greqorium
868 395 1094 449 pervenire
1115 394 1405 449 nequiverant,
1437 400 1678 450 mortuoque
1700 398 1866 440 demum

358 456 464 511 ipso,
507 457 566 499 ad
603 469 879 499 successorem
921 469 961 497 a.
996 458 1096 496 604.
1138 454 1303 497 litteras
1342 455 1447 498 dare
1487 455 1663 509 contiqit
1698 455 1762 498 ita
1799 455 1864 499 in-

360 516 581 570 cipientes:
611 516 712 557 Iam
747 515 827 557 diu
849 529 1006 558 omnes
1031 511 1132 566 (scr.
1155 528 1236 557 vos
1251 514 1286 569 1)
1311 515 1409 557 sedi
1436 516 1718 570 apostolieae
1739 530 1864 572 prae-

359 577 563 618 sidentes
582 575 871 617 dulcissimos
893 575 1105 617 omnibus
1128 574 1362 630 praesules
1384 575 1599 618 fidelibus
1621 590 1675 618 ae
1697 576 1864 619 merito

359 635 604 691 apostolici
635 635 822 677 honoris
854 634 1257 677 reverendissimos
1289 636 1444 689 patres
1475 635 1664 678 visitare
1696 635 1864 690 spiritu

360 697 407 737 e'c
455 694 683 737 consolari
729 695 932 749 cupiens,
981 708 1105 736 nunc
1147 707 1291 748 usque
1331 694 1450 736 votis
1491 717 1550 722 ——
1594 695 1863 738 satisfacere

359 769 451 796 non
493 755 638 810 potui.
703 753 771 795 Ne
802 754 946 796 eadem
981 752 1167 806 iteraret,
1209 752 1413 808 epistulas
1444 753 1618 807 priores
1654 753 1864 808 Greyorio

358 827 446 855 non
477 812 660 855 traditas
690 812 920 855 successori
950 812 1266 855 examinandas
1293 811 1578 855 Columbanus
1603 812 1751 856 obtulit
1772 827 1864 856 una

359 887 452 915 cum
493 872 674 926 epistula
714 873 774 914 ad
811 871 1098 926 episcoporum
1137 870 1462 914 Gallicanorum
1502 873 1710 927 synodum
1745 873 1861 916 data.

364 931 736 974 Tumultuantibus
787 931 935 986 potius
986 945 1114 985 quam
1164 930 1522 974 ratiocinantibus
1583 930 1862 986 adversariis,

357 991 627 1034 auctoritatis
657 990 836 1045 papalis
866 990 1119 1034 sententiam
1151 989 1338 1044 ambivit,
1379 995 1427 1033 ut
1455 990 1539 1034 sibi
1569 990 1864 1034 laborantibus

357 1050 598 1093 subveniret
634 1050 928 1103 seniorumque
964 1064 1137 1092 suorum
1177 1049 1452 1092 traditionem
1491 1052 1776 1105 confirmaret,
1817 1054 1865 1093 ut

357 1110 487 1152 ritum
518 1110 720 1164 paschae,
762 1109 872 1152 sicut
901 1108 1169 1163 accepissent,
1211 1108 1428 1152 iudicante
1466 1111 1606 1152 eodem
1643 1110 1864 1153 observare

349 1173 525 1223 possent
561 1168 612 1211 in
642 1168 995 1224 pereqrinatione
1035 1183 1127 1211 sua.
1198 1167 1423 1211 Contendit
1459 1173 1600 1212 autem
1628 1168 1679 1212 in
1709 1169 1864 1223 patria

356 1243 400 1271 se
431 1228 570 1271 vivere
609 1227 658 1271 in
698 1227 875 1271 desertis
904 1229 1091 1271 sedentes
1121 1240 1253 1282 neque
1289 1228 1401 1270 ullas
1438 1227 1664 1271 Gallorum
1692 1229 1864 1284 reyulas

355 1288 614 1342 recipientes,
660 1287 849 1341 nullique
885 1287 1046 1330 molesti
1076 1288 1247 1342 requlas
1277 1287 1492 1330 seniorum
1527 1302 1700 1331 suorum
1730 1289 1864 1332 obser-

356 1352 504 1390 vantes
526 1347 779 1401 perturbari
809 1347 1020 1390 nolebant.
1084 1347 1217 1390 Salva
1251 1346 1387 1401 iyitur
1417 1347 1722 1391 ecclesiasticae
1753 1362 1863 1402 pace

357 1406 540 1449 unita-tis
568 1406 659 1449 iam
674 1406 797 1449 inter
824 1406 973 1449 Gallos
994 1408 1140 1460 deqere
1171 1406 1482 1461 desiderabant,
1515 1406 1564 1449 id
1593 1408 1706 1461 quod
1733 1406 1863 1451 etiwm

358 1467 411 1509 ab
442 1466 550 1520 ipsis
580 1465 784 1520 episcopis
822 1466 1106 1509 Columbanus
1145 1466 1195 1508 in
1234 1466 1415 1519 epistula
1446 1467 1724 1520 praecedente
1755 1467 1862 1521 peti-

356 1530 477 1569 verat
490 1527 518 1567 ².
581 1525 778 1579 Denique
824 1525 932 1568 actis
978 1525 1149 1568 concilii
1191 1524 1653 1580 Constantinopolitani
1683 1526 1756 1569 II.
1795 1526 1862 1570 in·

357 1585 523 1639 nititur,
556 1589 604 1627 ut
627 1584 718 1628 suis
739 1585 910 1639 leqibus,
943 1585 1052 1628 sicut
1081 1600 1108 1628 a
1132 1584 1334 1639 patribus
1354 1587 1521 1628 edoctae
1541 1590 1689 1640 essent,
1721 1585 1862 1630 vivere

358 1644 501 1687 liceret
530 1644 715 1688 ecclesiis
753 1644 802 1687 in
834 1644 1034 1688 barbaris
1063 1644 1257 1699 qentibus
1289 1645 1536 1699 constitutis,
1581 1645 1659 1688 etsi
1689 1647 1740 1689 de
1771 1645 1863 1689 suis

358 1704 517 1758 leqibus
566 1704 678 1747 nihil
728 1704 884 1746 ibidem
935 1703 1087 1758 leqitur
1100 1705 1127 1758 3,
1185 1704 1447 1758 nimiumque
1498 1709 1754 1760 ar·r09anter
1805 1705 1865 1748 ad

357 1778 561 1806 canonem
591 1763 712 1806 illum
744 1778 908 1818 papam
940 1764 1156 1817 deleqavit,
1198 1764 1324 1818 quasi
1356 1764 1534 1807 barbari
1564 1763 1751 1818 fuissent
1779 1764 1861 1819 epi-

355 1823 470 1878 scopi
507 1823 729 1867 Gallicani
759 1838 849 1866 una
881 1838 974 1866 cum
1006 1822 1188 1866 Victorio
1219 1838 1308 1866 suo.

501 1894 700 1948 Denique
731 1910 771 1938 a.
797 1899 895 1938 607.
932 1895 1062 1938 Scotti
1093 1895 1214 1938 tertio
1246 1896 1351 1938 luna
1380 1895 1517 1939 XIV.
1550 1895 1656 1950 cycli
1687 1895 1862 1939 Victori-

358 1954 448 2008 ani,
482 1954 551 1996 die
581 1954 741 1997 scilicet
768 1959 834 1996 16.
858 1954 1043 2010 Aprilis,
1068 1955 1236 2008 pascha
1261 1955 1539 2008 celebrabant,
1571 1955 1692 1999 Galli
1723 1959 1863 1998 autem

357 2013 596 2068 insequenti
627 2014 695 2057 die
726 2014 951 2057 dominico.
1013 2014 1219 2069 Episcopi
1259 2014 1435 2069 synodis
1466 2014 1685 2066 celebratis
1715 2019 1864 2058 contra

348 2073 606 2129 pereqrinos
637 2089 666 2116 a
697 2073 1104 2127 conprovincialium
1134 2074 1322 2117 moribus
1353 2074 1626 2118 desciscentes
1656 2089 1702 2118 eo
1731 2087 1863 2128 usque

357 2133 477 2176 haud
504 2133 681 2176 multum
713 2133 950 2188 effecerant,
984 2133 1074 2176 nisi
1102 2134 1247 2187 fallor,
1286 2148 1331 2177 eo
1362 2136 1474 2188 quod
1495 2133 1719 2188 praesidio
1749 2133 1864 2189 reyis

359 2273 395 2319 1)
432 2274 568 2307 Scilicet
602 2273 666 2307 diu
699 2284 765 2308 uos
793 2284 865 2318 pro
894 2273 957 2308 diu
981 2276 1023 2308 ὦ
1047 2275 1111 2317 (=
1139 2276 1273 2318 omnes)
1283 2285 1300 2316 ,·
1332 2277 1378 2318 cf.
1404 2274 1504 2317 MG„
1529 2275 1599 2319 Ep.
1626 2275 1700 2319 III,
1724 2287 1762 2320 p.
1781 2275 1863 2319 165,

360 2322 382 2357 l.
402 2323 467 2356 22:
493 2321 538 2355 ad
555 2332 630 2366 vos,
654 2324 703 2355 ut
725 2321 848 2365 dixi,
873 2322 1091 2366 apostolicos
1108 2324 1241 2366 patres.
1283 2323 1547 2366 Intelleyuntur
1562 2323 1641 2357 sedi
1655 2323 1866 2367 apostoticae

353 2369 598 2413 praesidentes
622 2373 652 2402 et
673 2370 870 2412 Greyorius
895 2375 926 2404 et
949 2380 1124 2404 successor
1148 2371 1264 2414 ipsius
1289 2374 1394 2414 atque
1418 2371 1508 2404 ‘diu’
1533 2371 1582 2404 ad
1605 2370 1706 2406 illius
1727 2375 1864 2415 tempus

358 2417 590 2458 referendum
611 2420 673 2450 est.
746 2418 783 2461 2>
815 2417 948 2459 Confer
968 2430 1005 2462 p.
1026 2419 1106 2462 165,
1134 2418 1155 2453 l.
1175 2420 1233 2453 27.
1257 2428 1336 2452 cum
1355 2429 1395 2463 p.
1415 2419 1496 2461 162,
1522 2418 1544 2457 l.
1561 2419 1619 2454 21.
1654 2418 1863 2463 Epistulam

359 2464 432 2499 ΙΙΙ.
460 2465 509 2497 ad
534 2464 767 2506 Bom'facium
785 2465 850 2499 IV.
878 2475 911 2501 a.
930 2464 1099 2508 609l610.
1125 2465 1249 2499 datam
1277 2477 1348 2500 esse
1380 2466 1510 2499 maluit
1542 2476 1652 2510 quam
1686 2467 1736 2500 ad
1759 2465 1864 2500 Sabi-

357 2513 524 2553 nianum,
550 2512 693 2555 Hauclc,
719 2512 1021 2556 ‘Kirchenyeschl
1039 2513 1069 2557 I,
1091 2515 1158 2550 601
1170 2513 1194 2557 ²³,
1221 2515 1283 2547 vix
1307 2518 1407 2550 recte.
1458 2513 1546 2548 Cum
1579 2515 1675 2548 enim
1708 2515 1749 2548 in
1781 2515 1864 2558 ipsa

361 2559 601 2593 Columbanus
638 2570 782 2594 causam
820 2561 919 2604 apud
955 2562 1068 2595 sedem
1104 2562 1335 2605 apostolicam
1367 2565 1570 2605 persecutus
1605 2563 1653 2596 sit
1688 2561 1864 2605 Greyom'o

359 2608 492 2643 sedente
518 2608 702 2651 inceptam,
735 2618 879 2651 cumque
903 2610 1076 2652 epistulas
1098 2610 1176 2643 sedi
1198 2609 1407 2653 apostolicae
1431 2613 1516 2642 tunc
1539 2610 1744 2653 tradiderit,
1773 2619 1865 2653 quas

359 2654 417 2688 illi
441 2658 545 2688 antea
564 2655 807 2699 portitoribus
831 2656 1009 2699 impeditis
1026 2657 1168 2691 tradere
1191 2659 1408 2700 nequiverat,
1431 2667 1509 2690 cum
1525 2657 1673 2701 denique
1692 2668 1784 2701 quae
1807 2657 1867 2691 illi

359 2703 555 2746 scripserat
588 2713 628 2736 ea
662 2704 795 2737 iterare
829 2704 993 2746 noluerit,
1027 2705 1068 2738 de
1094 2705 1167 2738 alio
1194 2708 1297 2748 atque
1330 2715 1367 2739 eo
1391 2706 1456 2749 qui
1477 2705 1537 2739 illi
1567 2706 1642 2748 ipsi
1670 2706 1864 2749 proicimus

359 2754 574 2784 successerat
594 2761 696 2794 papa
721 2761 798 2784 mea
822 2751 962 2794 quidem
987 2753 1152 2795 opinione
1173 2754 1331 2796 coyitare
1354 2754 1416 2786 vioe
1441 2753 1529 2788 licet.
1634 2754 1670 2795 3)
1702 2752 1864 2787 canones

357 2809 439 2841 9⁷2:
465 2796 555 2831 κατὰ
580 2797 642 2845 τὴν
667 2797 893 2842 κρατήσασαν
918 2798 1109 2843 συνήθειαν
1132 2799 1228 2843 παρὰ
1250 2804 1322 2834 τῶν
1341 2799 1527 2844 πατέρων,·
1552 2800 1635 2836 lata
1660 2798 1863 2835 secundum

359 2848 507 2889 patrum
543 2856 635 2889 quae
669 2848 813 2880 servata
847 2848 902 2880 est
936 2846 1238 2882 consuetudinem
1273 2848 1425 2891 (Mami,
1453 2847 1553 2884 Cone.
1579 2847 1654 2891 III,
1673 2849 1760 2888 559)
1769 2858 1782 2888 ,·
1814 2848 1861 2891 cf.

360 2892 543 2936 Maassen,
579 2893 715 2930 ‘Ge-sch.
750 2894 785 2928 d.
813 2893 955 2935 Quellen
989 2895 1023 2930 d.
1059 2895 1292 2930 canonischen
1317 2896 1456 2931 Rechts'
1479 2895 1511 2940 I,
1535 2896 1625 2932 944:
1661 2893 1862 2930 secundum

360 2938 455 2974 hano
481 2951 573 2984 quae
600 2940 698 2985 apud
721 2943 845 2986 patres
871 2941 1096 2977 consuetudo
1123 2942 1293 2987 optinuit.

1889 949 1925 975 10

1890 1245 1924 1272 15

1886 1840 1923 1867 25

1887 2470 1923 2499 8⁶

1887 2710 1925 2736 40

1886 2947 1925 2974 45
