2008 3302
378 253 547 298 IONAS,
566 251 729 289 VITAE
755 251 1062 288 OOLUMBANI
1087 252 1232 289 LIBRI
1257 253 1310 290 Π.
1529 256 1598 291 141

240 378 353 420 Tom.
388 377 460 419 VI
486 372 646 430 (1575),
681 390 728 429 p.
753 378 1012 429 484—505,
1051 375 1098 418 V.
1140 375 1392 419 Columbani
1433 375 1598 432 ‘stylum

12 462 17 485 ;
90 437 139 481 in
166 437 357 492 qratiam
388 435 554 479 lectoris
575 434 776 478 nonnihil
797 434 982 488 expolire
1004 439 1181 478 conatus
1200 436 1285 490 est',
1319 437 1394 479 sed
1412 437 1599 480 auctoris

14 509 21 548 :g
89 496 311 552 epistulam
344 495 469 539 ‘nihil
499 499 663 538 mutata
685 493 857 549 phrasi'
879 508 900 537 e
922 493 1060 537 codice
1089 497 1272 549 quodam
1293 496 1336 538 A
1352 501 1398 540 lc
1429 496 1596 540 adiecit.

13 553 22 594 l
92 555 283 601 Ueterum
330 556 686 613 Chagnoaldum
733 554 774 608 I,
809 558 878 595 27.
918 553 1094 608 primus
1139 555 1335 610 restituit,
1384 556 1505 599 cuius
1550 556 1599 600 in

12 599 60 660 [ι
89 617 223 660 locum
253 616 588 673 Magnoaldum
628 614 764 658 editor
793 613 1003 656 Bedanus
1033 614 1309 658 substituerat
1337 630 1411 670 ope
1442 616 1600 660 codicis

17 675 27 724 ζ
87 675 333 731 interpolati
363 676 407 718 A
429 674 531 718 la**.

19 728 33 776 ,Ξ-
237 736 352 778 Tom.
377 735 442 778 ΙΙ
468 732 629 791 (1571),
654 748 702 788 p.
727 737 936 776 92—95.
966 733 1090 777 ‘Vita
1123 734 1167 777 S.
1202 734 1376 778 AttaZae
1416 736 1595 790 abbatis,

12 813 29 835 ὴ
87 794 203 839 edita
227 795 281 838 ab
302 795 418 839 Iona
439 795 560 838 Scoto
585 794 734 837 abbate
759 792 929 847 eiusque
960 793 1194 848 discipulo',
1228 794 1440 838 codicibus
1465 796 1598 839 nullis

87 854 305 910 adhibitis,
338 869 390 898 ecc
420 854 603 898 editione
626 853 816 896 Bedana
840 854 900 896 ad
928 854 1099 896 verbum
1129 853 1287 897 iterata
1319 859 1390 909 est,
1424 870 1598 910 cumque

26 928 65 963 ,ιο
87 915 202 959 locus
231 914 352 958 cuius
377 929 510 969 supra
530 912 707 957 memini
727 913 789 955 ibi
810 912 1083 967 desideretur,
1117 918 1330 957 auctorem
1351 929 1437 970 pro
1460 916 1597 959 Scotto

86 975 240 1018 habere
261 979 434 1030 poterat
463 974 686 1028 eoepilator.

231 1035 305 1078 Ib.
339 1049 386 1089 p.
419 1037 678 1076 421—428.
724 1032 846 1076 ‘Vita
894 1033 939 1076 S-
973 1033 1204 1077 Eustachii
1250 1035 1417 1078 abbatis
1456 1036 1596 1078 Luxo-

85 1094 258 1149 viensis,
299 1109 420 1150 quem
457 1093 539 1138 alii
569 1092 825 1136 Eustasium
854 1093 1032 1148 vocant',
1075 1095 1128 1137 ab
1169 1094 1327 1137 editore
1366 1109 1481 1138 more
1521 1110 1597 1139 suo

16 1198 19 1202 ,
87 1153 312 1210 ‘plerisque
342 1154 444 1198 locis
474 1154 522 1196 in
560 1153 751 1208 qratiam
783 1153 961 1196 lectoris'
993 1153 1057 1195 ita
1098 1158 1343 1209 retraetata,
1384 1160 1432 1198 ut
1469 1155 1596 1199 inter-

15 1227 62 1269 ‘45
77 1214 265 1269 pretatio
296 1228 617 1268 nonnumquam
659 1228 751 1256 cum
790 1212 928 1256 verbis
959 1213 1146 1256 auctoris
1177 1214 1405 1258 coniuncta
1435 1215 1494 1258 sit
1506 1216 1532 1270 ¹,
1575 1231 1596 1259 e

16 1286 34 1324 ζ,
86 1273 226 1318 codice
255 1274 390 1318 simili
421 1275 465 1317 A
485 1279 532 1317 lc
554 1274 723 1328 pendet,
765 1286 899 1327 quare
929 1272 1056 1316 etiam
1080 1274 1303 1327 praefatio
1338 1274 1596 1330 interpolata

18 1348 29 1383 :'
85 1335 216 1389 adest,
249 1339 288 1377 et
316 1334 500 1388 fortasse
531 1347 582 1376 ex
612 1334 758 1376 altero.

234 1394 350 1437 Tom.
382 1394 465 1437 IV
500 1390 660 1449 (1573),
693 1407 741 1447 p.
777 1396 861 1435 752
876 1396 1034 1447 —756,
1078 1393 1125 1436 V.
1158 1393 1348 1447 Bertulfi
1388 1394 1484 1438 licet
1523 1397 1595 1438 ad-

39 1491 41 1493 .
84 1454 253 1497 modum
283 1457 516 1497 retractata
547 1452 615 1507 sit,
657 1456 799 1495 tamen
835 1453 977 1496 adhuc
1007 1453 1200 1508 perspici
1230 1458 1379 1509 potest,
1419 1459 1596 1509 praeter

0 1518 62 1570 ιρο
85 1513 307 1557 editionem
337 1513 568 1557 Bedanam
607 1512 736 1555 etiam
776 1512 958 1556 codicem
994 1512 1117 1555 illum
1147 1513 1346 1566 familiae
1376 1514 1421 1557 A
1441 1516 1490 1558 lb
1523 1516 1594 1558 ad—

24 1573 29 1605 Τ
84 1573 265 1617 bibitum
295 1588 395 1617 esse.

26 1678 30 1683 ,
228 1633 548 1677 Desiderantur
576 1632 710 1687 iyitur
739 1631 953 1675 miracula
983 1632 1310 1687 Evoriacensia,
1343 1648 1451 1688 quae
1481 1634 1594 1678 vitae

26 1705 31 1731 2
84 1693 260 1748 speciem
289 1693 467 1736 minime
489 1707 602 1747 prae
633 1707 676 1736 se
707 1692 865 1746 ferunt,
899 1706 1156 1747 quamquam
1187 1698 1227 1736 et
1256 1693 1365 1748 ipsis
1396 1695 1444 1737 V.
1478 1694 1592 1738 Bur-

27 1788 36 1804 „
81 1754 356 1808 ,qundofarae
400 1767 553 1796 nomen
589 1757 741 1808 postea
785 1751 971 1795 inditum
1018 1757 1089 1796 est.
1162 1754 1286 1797 Haec
1331 1754 1498 1797 demum
1543 1755 1593 1798 in

21 1825 61 1869 μ
84 1813 267 1857 editione
288 1813 527 1868 posteriore
557 1812 811 1856 collectionis
843 1812 1063 1855 Surianae
1095 1810 1242 1870 (1618)
1268 1814 1303 1856 I
1309 1815 1356 1869 V,
1381 1818 1436 1856 45
1451 1819 1589 1869 —48,

42 1873 43 1878 ’
85 1887 137 1916 ex
166 1872 354 1917 Bedana
384 1873 574 1928 suppleta
604 1876 716 1915 sunt.

238 1932 487 1977 Vincentius
516 1932 562 1975 Β
572 1931 801 1986 arratis,
843 1931 1133 1987 Chronoloyia
1163 1938 1406 1977 sanctorum
1446 1939 1486 1977 et
1514 1935 1591 1977 ali-

22 2030 24 2033 ,
85 2007 205 2036 orum
225 1993 416 2036 virorum
436 1992 670 2036 illustrium
691 2007 742 2036 ac
758 1992 956 2035 abbatum
972 2007 1122 2036 sacrae
1136 1993 1307 2037 insulae
1322 1994 1589 2048 Lerinensis,

85 2053 292 2108 Luyduni
327 2057 452 2107 1613,

22 2126 62 2162 so
144 2113 215 2167 II,
239 2128 288 2168 p.
313 2116 541 2166 83—110,
574 2112 624 2154 V.
664 2111 928 2163 Columbani,

144 2173 186 2227 I,
210 2188 259 2228 p.
283 2176 503 2226 97—101,
537 2172 585 2214 V.
619 2172 819 2226 Athalae,

84 2246 175 2276 una
206 2247 300 2276 cum
331 2231 445 2275 notis
474 2231 791 2286 maryinalibus
815 2246 866 2274 ex
897 2231 1079 2275 editione
1102 2232 1298 2276 Suriana
1322 2234 1591 2290 deprompsit.

238 2293 428 2335 Thomas
459 2292 520 2334 M
524 2291 674 2334 essin
682 2291 919 2346 yhamus,
953 2292 1244 2347 Florileqium
1273 2293 1444 2337 insulae
1473 2309 1592 2338 sanc-

86 2357 223 2396 torum
255 2367 327 2396 seu
357 2352 469 2395 vitae
500 2356 540 2394 et
568 2356 664 2395 acta
696 2355 938 2395 sanctorum
960 2351 1212 2407 Hiberniae,
1246 2353 1440 2397 Parisiis
1465 2359 1591 2410 1624,

24 2424 63 2461 β
77 2428 124 2468 Ρ.
161 2416 429 2466 219-239,
473 2412 521 2454 V.
562 2411 815 2455 Columbani
851 2426 904 2455 ex
942 2412 1198 2455 editionibus
1235 2412 1462 2467 prioribus
1504 2415 1594 2458 *ite-
1618 2430 1664 2459 *,
1714 2452 1720 2459 .

36 2476 45 2497 -”
85 2474 272 2516 randam
313 2471 491 2526 curavit,
533 2473 639 2515 bono
676 2471 839 2514 iudicio
878 2476 1035 2514 textum
1064 2472 1296 2516 Bedanum
1335 2478 1594 2528 anteponens

85 2547 218 2588 neque
248 2533 308 2576 ad
339 2531 516 2575 Surium
547 2545 773 2575 recurrens
804 2531 893 2574 nisi
924 2531 973 2574 in
1004 2532 1185 2587 epistula
1211 2533 1409 2589 praevia.

230 2591 419 2635 Patricii
465 2592 512 2634 F
519 2591 683 2634 lemin
691 2591 747 2646 yi
793 2591 983 2635 Hiberni
1036 2592 1300 2636 Collectanea
1346 2608 1474 2636 sacra
1519 2609 1593 2637 seu

88 2653 134 2696 S.
165 2651 416 2696 Columbani
437 2651 628 2694 Hiberni
648 2651 814 2694 abbatis
834 2666 998 2694 necnon
1020 2652 1205 2695 aliorum
1230 2653 1394 2707 aliquot
1417 2669 1438 2696 e
1462 2654 1593 2697 veteri

27 2724 64 2766 φο
86 2712 242 2755 ibidem
274 2711 418 2756 Scotia
457 2726 531 2754 seu
562 2710 781 2754 Hibernia
821 2711 1096 2766 antiquorum
1135 2717 1379 2756 sanctorum
1418 2718 1514 2756 acta
1555 2718 1594 2757 et

87 2772 307 2827 opuscula,
355 2785 439 2826 per
495 2771 705 2814 Thomam
757 2770 954 2814 Sirinum
1005 2771 1055 2814 in
1106 2772 1372 2815 Lovaniensi
1422 2773 1592 2828 colleyio

42 2874 45 2881 ι
90 2889 126 2934 1)
152 2889 206 2932 C'f.
232 2890 285 2934 II,
304 2891 364 2926 10:
392 2888 620 2923 misticorum
644 2887 926 2932 praeconiorum
952 2888 1186 2934 documenta]
1216 2888 1419 2934 scripturae
1445 2889 1591 2926 divinae

86 2937 271 2982 mysteria,
289 2937 377 2982 sive,
399 2939 440 2971 ut
459 2936 591 2971 author
608 2935 780 2980 loquitur,
802 2936 1040 2981 mysticorum
1057 2937 1338 2982 praeconiorum
1357 2937 1589 2976 documenta.
