2008 3302
412 262 582 309 IONAS,
599 262 763 300 VITAE
789 261 1097 299 COLUMBANI
1121 261 1267 298 LIBRI
1290 261 1344 300 ΙΙ.
1564 264 1633 300 139

124 387 183 431 E.
205 386 245 440 I,
277 400 385 429 saec.
422 385 559 428 XIV.
623 386 683 429 In
723 400 816 429 eum
858 385 1052 428 ordinem
1091 399 1172 440 quo
1218 385 1376 429 editum
1421 389 1484 428 est
1527 399 1634 441 opus

68 455 69 458 ’
124 447 340 491 redactum
379 460 466 488 esse
506 445 774 489 coniecerunt
814 460 843 488 a
874 445 1072 488 Iohanne
1112 445 1149 489 C
1155 461 1183 488 a
1186 461 1221 500 p
1228 460 1256 500 y
1267 460 1396 489 rave
1428 444 1468 500 (†
1504 444 1632 500 1464)

123 505 312 561 fratrum
343 504 617 548 eremitarum
651 506 695 549 S.
729 504 968 560 Augustini
1007 505 1058 548 in
1090 505 1285 548 coenobio
1325 505 1633 549 Cantuariensi

60 598 63 599 ν
123 564 274 619 sodali,
308 569 458 619 postea
488 565 609 608 illius
639 565 808 608 ordinis
841 564 1118 631 provinciali,
1162 565 1284 608 cuius
1323 565 1493 609 nomine
1523 565 1636 609 illud

21 634 28 672 ζ
122 625 246 670 hodie
276 625 587 691 circumfeiQtur
620 639 753 692 neque
782 638 880 667 vero
911 624 959 667 in
986 624 1198 667 codicibus
1222 639 1354 679 neque
1378 625 1428 668 in
1448 625 1633 668 editione

23 698 46 735 ἢ
114 684 313 742 principe
343 684 481 740 ipsius
511 684 666 728 mentio
697 686 760 738 fit.
812 685 1017 727 Attamen
1047 684 1147 727 huic
1175 685 1341 728 α6ι6ίο66
1364 684 1634 739 ‘Cataloqum

23 787 30 803 ,Α
54 739 59 748 “
117 744 210 789 sive
239 743 484 799 Leyendam
514 749 687 788 sanctor
687 759 759 787 um
790 743 990 798 Anyliae'
1023 744 1234 798 expressis
1268 744 1407 788 verbis
1438 745 1636 788 attribuit

16 815 33 856 ζ
61 850 66 852 ,
121 804 342 849 Henricus
371 804 586 848 Wharton
616 804 931 858 archiepiscopo
969 803 1277 848 Cantuariensi
1317 819 1345 847 a
1385 804 1526 848 sacris
1565 807 1633 848 do-

61 882 66 883 ’
120 863 304 908 mesticis
334 864 645 919 expilatamque
666 879 754 908 esse
775 863 1003 907 historiam
1022 863 1152 907 istam
1173 864 1343 907 addidit
1375 863 1438 908 ‘ex
1468 865 1634 920 inqenti

17 928 19 941 ¹
121 938 174 969 ac
203 924 389 980 pulchro
419 926 647 967 admodum
686 923 898 967 volumine
928 923 1114 967 eiusdem
1145 924 1399 979 aryumenti,
1442 926 1554 979 quod
1582 925 1633 968 in

121 983 371 1029 bibliotheca
413 984 670 1028 Gottoniana
717 985 806 1027 Ms.
856 984 1115 1027 asservatur'
1131 985 1159 1026 1.
1231 985 1355 1028 Haec
1400 986 1529 1028 verba
1574 987 1635 1028 ad

16 1046 66 1101 j»,
122 1043 433 1099 Sanctiloyium
478 1045 591 1098 quod
634 1058 680 1088 re
726 1058 828 1087 vera
860 1044 1086 1099 Leyendae
1132 1045 1298 1088 subesse
1345 1044 1438 1087 dixi
1474 1046 1632 1101 procul

17 1103 21 1131 ²
94 1104 247 1150 ⁴‹ltaebio
288 1104 516 1158 referenda
556 1109 666 1159 sunt,
709 1119 882 1159 cumque
922 1104 1028 1147 talia
1069 1104 1143 1147 vix
1174 1120 1202 1148 a
1232 1119 1442 1159 quoquam
1472 1105 1631 1160 excoyi-

64 1210 68 1213 ,
118 1163 208 1208 tari
231 1164 463 1219 potuerint,
494 1164 730 1220 Oapyravii
761 1179 913 1207 nomen
945 1164 1066 1207 titulo
1086 1166 1326 1207 radendum
1346 1164 1523 1208 minime
1544 1179 1632 1208 esse

35 1243 37 1245 ·
86 1257 89 1261 -
120 1237 276 1268 censeo.
329 1224 506 1279 Proloyi
535 1225 610 1279 qui
635 1225 856 1279 praecedit
876 1225 1113 1267 clausulam
1136 1224 1282 1278 potius
1306 1225 1483 1268 editoris
1503 1239 1632 1279 quam

117 1283 308 1328 auctoris
338 1284 479 1338 operis
509 1299 597 1328 esse
626 1285 742 1327 inter
762 1299 905 1327 omnes
929 1288 1094 1328 constat
1113 1289 1237 1339 atque
1258 1285 1386 1327 etiam
1408 1284 1456 1328 in
1478 1285 1632 1339 priore

119 1347 234 1388 textu
272 1344 388 1387 locus
433 1345 716 1411 deprehensus
755 1349 827 1398 est,
872 1343 947 1398 qui
986 1343 1036 1387 in
1075 1343 1310 1398 Caporavii
1350 1359 1499 1387 aevum
1539 1359 1631 1388 con-

117 1403 264 1447 venire
293 1418 382 1447 non
411 1403 589 1457 videtur,
621 1404 710 1447 sive
739 1379 827 1447 illey
843 1408 951 1446 totus
981 1405 1034 1447 ab
1060 1404 1218 1447 edztore
1249 1404 1423 1447 additus
1454 1409 1515 1447 est
1543 1404 1631 1447 sive

119 1477 150 1507 a
175 1463 416 1519 Gapyravio
437 1464 714 1520 conscriptus,
742 1479 771 1507 a
791 1463 1022 1507 recentiore
1041 1464 1336 1518 interpolatus.
1386 1465 1630 1508 Sermonem

23 1518 26 1529 '
61 1576 65 1578 ,
87 1553 90 1565 1
118 1522 294 1568 interim
324 1538 412 1567 non
442 1539 616 1579 neyavei
616 1528 706 1567 unt
741 1523 1038 1578 Gapyraviani
1068 1538 1155 1567 esse
1178 1523 1473 1578 persimilem2
1504 1529 1630 1579 atque

70 1611 71 1614 =
120 1597 174 1628 ex
211 1584 352 1627 eodem
383 1585 561 1638 proloqo
600 1584 873 1638 intelleyitum
919 1588 1130 1627 auctorem
1170 1584 1309 1638 ipsius
1348 1584 1477 1628 etiam
1517 1584 1629 1628 colli-

18 1696 23 1703 *
117 1643 270 1699 yendis
298 1649 542 1688 sanctorum
581 1644 682 1688 vitis
721 1658 892 1699 operam
931 1644 1107 1698 dedisse,
1149 1645 1325 1687 eundem
1365 1644 1503 1699 iyitur
1542 1659 1630 1688 esse

20 1733 23 1741 ‹
58 1742 59 1746 ,
104 1707 331 1749 ὀαοέονεφη
370 1704 521 1759 operis.
591 1705 746 1747 Textus
787 1718 896 1758 ver0,
945 1703 1019 1758 qui
1056 1718 1140 1758 per
1171 1704 1416 1759 Leyendam
1457 1706 1517 1748 ad
1552 1719 1630 1748 nos

56 1782 58 1784 ’
111 1769 409 1820 pervenerunt,
450 1778 578 1819 quam
618 1764 803 1807 maxime
842 1764 1065 1808 retractati
1105 1768 1229 1818 atque
1264 1764 1313 1807 in
1346 1766 1466 1808 breve
1497 1765 1630 1808 coacti

31 1835 33 1841 ⁸
87 1856 91 1862 .
120 1828 221 1867 sunt
248 1838 381 1879 neque
412 1826 461 1868 de
494 1825 542 1867 V.
577 1824 842 1879 Columbani,
874 1839 983 1878 quae
1013 1824 1088 1877 fol.
1113 1824 1335 1866 65‘—-68‘.
1367 1824 1416 1867 in
1448 1824 1630 1868 editione

39 1898 62 1936 ,ζ
112 1883 325 1939 principe,
354 1899 398 1939 p.
422 1889 691 1928 206—216.
725 1884 826 1927 tomi
857 1885 899 1927 Ι.
931 1884 982 1927 in
1013 1884 1307 1927 recentissima
1337 1889 1522 1939 occupat,
1567 1885 1629 1927 iu-

59 1942 62 1962 ³
121 1945 262 1988 cunda
301 1945 465 1998 referre
500 1949 671 2000 poterat
708 1945 777 1988 W.
813 1944 997 1987 Levison
1037 1944 1188 1997 socius,
1231 1945 1344 1988 hanc
1383 1944 1523 1998 ipsam
1564 1959 1629 1987 ex-

121 2003 326 2047 aminans
364 2004 413 2048 in
449 2004 695 2048 bibliotheca
734 2004 1032 2047 universitatis
1061 2004 1311 2047 Bonnensis
1351 2009 1628 2048 asservatam.

125 2063 281 2107 Textus
312 2063 547 2120 (praescrae
589 2066 659 2108 De
701 2068 862 2108 sancto
895 2065 1185 2107 Columbano
1227 2065 1397 2108 abbate
1439 2067 1486 2107 et
1527 2080 1629 2108 cou-

30 2062 99 2191 ἐι)
118 2123 308 2176 sessore)
349 2124 523 2167 exordio
563 2125 779 2168 decurtato
819 2123 984 2178 incipit,
1029 2123 1139 2167 sicut
1179 2124 1339 2167 codices
1372 2123 1631 2167 Britannici

122 2184 270 2227 A2a1·
285 2185 312 2210 ²
326 2185 353 2237 3,
401 2184 561 2228 scilicet
608 2200 635 2227 a
676 2184 722 2238 I,
766 2188 815 2227 2:
866 2185 1040 2227 Beatus
1089 2184 1405 2227 columbanus
1452 2186 1501 2227 in
1548 2185 1630 2227 Hi-

122 2243 282 2287 bernia
329 2245 483 2287 insula
534 2245 583 2287 in
630 2258 829 2287 occeano
877 2245 988 2294 sita,
1038 2259 1175 2300 quam
1225 2244 1468 2287 Scotorum
1517 2259 1630 2300 gens

31 2194 67 2362 Ξ
121 2305 369 2355 inhabitat,
423 2307 553 2347 ortus
601 2307 684 2356 est,
737 2318 835 2346 mox
879 2318 977 2347 vero
1022 2304 1082 2347 ad
1120 2303 1267 2347 aliena
1307 2304 1467 2347 transit
1503 2305 1631 2347 haec:

122 2363 349 2408 Hibernia
382 2365 504 2408 enim
537 2365 797 2420 antiquitus
830 2365 986 2407 Scotia
1019 2365 1145 2407 dicta
1177 2367 1268 2414 estu
1305 2365 1361 2407 de
1393 2379 1486 2421 qua
1517 2379 1629 2420 gens

31 2368 100 2506 ᾗ
123 2424 367 2468 Scotorum
398 2425 647 2467 Albaniam
683 2425 924 2468 Britannia
946 2425 1114 2467 Maiori
1146 2426 1414 2494 proximam
1449 2439 1537 2480 que
1571 2425 1628 2467 ab

123 2486 293 2528 eventu
326 2485 461 2528 modo
493 2485 649 2528 Scotia
691 2485 875 2536 dieitur,
916 2485 1186 2527 inhabitans
1227 2485 1452 2540 originem
1496 2486 1630 2527 duxit

44 2532 63 2590 's
123 2546 171 2587 et
201 2558 492 2611 progressum
525 2545 703 2596 habuit,
736 2543 960 2598 multisque
983 2543 1304 2598 praetermissis
1334 2548 1374 2587 et
1401 2545 1524 2588 valde
1554 2544 1630 2587 im-

121 2604 306 2659 mutatis,
338 2604 400 2646 ita
431 2608 479 2646 ut
508 2605 567 2647 ad
602 2604 908 2647 Columbanum
945 2604 1125 2646 alterum
1155 2603 1369 2647 miracula
1400 2604 1630 2648 bestiarum

125 2661 180 2716 (c.
205 2664 283 2719 17)
314 2665 453 2707 relata
484 2663 573 2707 sint
602 2665 662 2707 ad
689 2668 885 2707 sanctum
915 2663 1055 2718 ipsum
1086 2664 1334 2718 spectantia,
1377 2665 1463 2707 loco
1495 2679 1529 2707 c.
1557 2668 1628 2706 30.

42 2731 69 2762 φῖ

64 2814 102 2843 ω
125 2804 161 2846 1)
190 2804 240 2841 Η.
274 2805 464 2848 Wharton,
500 2805 695 2850 Appendix
731 2805 780 2839 ad
816 2805 1008 2840 historiam
1048 2806 1268 2840 litterariam
1308 2805 1496 2839 Guilielmi
1529 2805 1629 2849 Cave,

127 2851 282 2887 Genevae
307 2855 412 2896 1693,
436 2865 472 2898 p.
491 2854 549 2889 89.
639 2854 677 2897 2)
706 2853 918 2898 Hinyeston,
946 2853 1125 2887 Iohannis
1151 2853 1337 2898 Capyrave
1363 2854 1453 2887 liber
1477 2854 1519 2887 de
1543 2854 1631 2887 illu-

123 2899 261 2935 stribus
283 2901 457 2936 Hem-icis
481 2901 636 2944 (Rerum
664 2901 964 2935 Britannicarum
994 2902 1104 2935 medii
1126 2902 1204 2935 aevi
1226 2902 1431 2945 scriptores,
1455 2901 1632 2936 Londinii

127 2949 231 2991 1858,
255 2953 336 2986 tom.
356 2949 441 2993 VII,
461 2959 500 2992 p.
519 2948 679 2991 XLIX),
704 2949 768 2993 qui
786 2949 979 2992 proloyum
1003 2950 1050 2985 ib.
1071 2961 1112 2994 p.
1134 2950 1202 2985 195
1215 2959 1289 2993 sqq.
1315 2949 1436 2984 edidit.
