2008 3302
366 262 413 296 44
652 257 820 303 IONAS,
838 257 999 293 VITAE
1024 257 1332 293 COLUMBANI
1354 256 1501 292 LIBRI
1524 256 1578 294 ΙΙ.

510 381 646 423 Eoetat
685 379 1054 433 Buiyundofarae
1093 383 1383 422 testamentum
1397 379 1411 404 ¹
1452 393 1493 421 a.
1535 379 1584 420 V.
1617 378 1864 433 Dayobcrti,

368 441 397 482 i.
431 455 464 482 e.
500 444 598 482 627.
624 454 670 492 p.
712 438 830 491 Chr„
863 439 904 480 d.
938 438 1046 480 VII.
1081 438 1188 481 Kal.
1223 439 1332 480 Nov.
1365 438 1523 492 datum,
1557 442 1695 481 actum
1726 442 1866 481 autem

368 502 408 542 cl.
443 500 550 542 VII.
574 499 644 540 Id.
673 498 850 551 Octobr„
883 511 964 551 quo
994 497 1252 540 monasterio
1272 497 1558 541 Evoriacensi
1586 497 1636 541 in
1666 497 1866 540 honorem

369 558 548 601 Mariae
569 562 607 600 et
627 557 748 600 Petri
779 556 1017 610 aedificato,
1051 571 1142 600 cum
1172 557 1235 600 ibi
1265 556 1456 600 residens
1486 556 1596 600 diem
1625 570 1867 612 supremum

368 621 621 671 ea‘pectaret,
675 631 782 670 quas
832 631 884 659 ex
933 616 1164 659 hereditate
1210 620 1399 670 paterna
1449 620 1577 659 antea
1627 615 1869 660 tradiderat

359 676 647 731 possessiones
677 677 952 729 confirmasse
981 677 1135 729 fertur.
1187 676 1399 719 Formula
1419 675 1588 730 quidem
1612 675 1726 719 veris
1748 679 1868 720 testa-

367 736 519 779 mentis
549 750 636 778 non
667 735 877 778 absimilis
907 740 977 789 cst,
1011 735 1418 789 constructionesque
1442 735 1547 778 tales
1569 735 1740 790 quales:
1769 736 1868 779 visa.

369 810 469 838 sum
516 797 793 846 aedificasse,
841 796 938 838 visa
985 810 1086 838 sum
1127 796 1369 851 acce-pisse,
1418 796 1584 847 locum,
1633 796 1755 852 quod
1797 797 1868 839 est

369 859 698 907 constructum,
750 854 870 897 illius
921 855 1015 897 aevi
1069 854 1364 898 consuetudini
1415 854 1568 911 optime
1617 854 1870 909 respondere

369 915 566 958 videntur
597 929 728 968 neque
759 929 853 957 cum
884 914 1034 958 charta
1064 914 1510 969 Buryundofaronis²
1548 913 1722 957 omnino
1751 914 1869 967 falsa

369 979 659 1017 testamentum
690 973 934 1027 comparari
964 973 1069 1028 licet,
1106 974 1180 1017 ubi
1211 974 1333 1017 Faro
1363 974 1570 1028 Faraque
1599 973 1871 1028 appellantur

367 1033 712 1088 Buryundofaro
751 1033 1190 1088 Burqundofaraque.
1260 1033 1418 1088 Siyilla
1456 1047 1564 1088 quae
1603 1033 1657 1077 ab
1695 1037 1870 1088 utroque

370 1095 611 1136 documento
650 1094 838 1147 pendent
877 1093 1050 1136 chartae
1089 1107 1249 1148 quoque
1286 1093 1500 1147 yenuinae
1536 1097 1687 1147 postea
1725 1092 1871 1146 afficta

369 1167 457 1195 esse
479 1157 671 1206 possunt.
724 1152 854 1195 Aliae
879 1156 1017 1196 autem
1037 1152 1295 1207 suspicionis
1316 1167 1471 1196 causae
1483 1153 1500 1179 ³
1520 1153 1640 1196 haud
1657 1151 1721 1195 ita
1740 1151 1871 1206 facile

369 1213 642 1255 removendae
672 1216 782 1266 sunt,
824 1211 981 1255 scilicet
1010 1212 1219 1267 viryinem
1251 1228 1292 1255 a.
1320 1210 1469 1268 610s1.
1501 1212 1623 1255 intra
1652 1211 1872 1265 infantiae

369 1286 508 1314 annos
538 1271 804 1314 constitutam
845 1276 885 1314 et
915 1276 1015 1326 post
1045 1287 1085 1314 a.
1114 1276 1214 1314 641.
1246 1272 1491 1324 defunctam
1525 1275 1714 1326 respectu
1742 1270 1872 1315 disso-

371 1331 544 1373 lutionis
574 1346 677 1373 suae
708 1346 747 1374 a.
778 1335 876 1384 627,
909 1331 983 1374 vix
1005 1332 1111 1387 plus
1141 1346 1269 1385 quam
1301 1335 1356 1373 27
1391 1345 1529 1374 annos
1558 1335 1718 1385 natam,
1751 1335 1872 1374 testa-

370 1395 554 1433 mentum
579 1390 830 1444 condidisse,
863 1390 1015 1434 deinde
1040 1391 1351 1434 distinctionem
1372 1390 1486 1434 inter
1506 1391 1654 1434 datum
1674 1394 1713 1434 et
1731 1394 1871 1434 actum

370 1450 419 1493 in
451 1450 710 1493 testamentis
741 1449 1005 1493 inusitatam.
1075 1451 1312 1505 Chaynulsi
1351 1464 1503 1493 nomen
1533 1450 1670 1503 fratri
1700 1454 1873 1493 sanctae
1939 1474 1942 1477 ·

370 1509 553 1552 inditum
594 1509 758 1552 comitis
794 1509 1032 1553 Meldensis
1070 1524 1157 1553 esse
1194 1514 1343 1564 potest,
1391 1509 1513 1553 cuius
1557 1509 1606 1553 in
1643 1509 1874 1564 privileyio

371 1568 630 1612 Resbacensi
659 1584 699 1611 a.
729 1567 878 1624 635s6.
911 1569 1066 1612 mentio
1097 1570 1188 1622 fit4.

514 1641 557 1682 A
579 1641 823 1683 Meldorum
848 1641 999 1695 oppido
1020 1641 1138 1684 haud
1161 1641 1223 1684 ita
1243 1642 1419 1684 multum
1431 1655 1686 1696 pi‘oyressus
1713 1640 1874 1685 Colum-

373 1702 509 1743 banus
553 1700 603 1743 in
648 1700 753 1743 villa
795 1700 994 1744 Vulciaco
1034 1701 1093 1743 ad
1131 1701 1387 1744 Matronam
1432 1700 1518 1743 sita
1563 1702 1617 1744 ab
1658 1700 1874 1744 Authario

371 1759 541 1814 eiusque
585 1774 716 1802 uxore
761 1760 879 1814 Aiya
924 1764 1111 1814 receptus
1156 1765 1250 1803 erat
1292 1765 1508 1814 materque
1552 1759 1668 1813 filios
1713 1764 1876 1804 teneros

372 1819 671 1862 benedicendos
710 1819 750 1862 ei
781 1820 998 1863 obtulerat.
1061 1819 1127 1862 Hi
1167 1820 1305 1862 adulti¹
1344 1821 1461 1874 apud
1497 1819 1797 1864 Chlotharium
1837 1823 1877 1863 et

372 1879 661 1933 Dayobertum
708 1893 826 1934 reyes
871 1893 1079 1922 summam
1122 1879 1311 1934 qratiam
1362 1879 1556 1922 inierunt
1599 1893 1732 1934 neque
1775 1892 1875 1922 vero

369 1938 553 1991 ,aleriam
592 1938 752 1982 saeculi
792 1939 1000 1982 consecuti
1040 1943 1238 1982 aeternae
1281 1939 1401 1982 obliti
1439 1943 1551 1982 sunt.
1622 1940 1722 1982 Ado
1761 1938 1875 1982 enim

372 1997 512 2040 maior
541 2002 648 2040 natu
677 1998 980 2041 monasterium
1018 1998 1236 2053 viminum
1267 1999 1472 2052 Iotrense,
1514 1999 1623 2042 alter
1653 1998 1783 2041 Dado
1813 2011 1874 2041 re-

371 2057 648 2109 ferendarius
687 2057 830 2112 reyius
871 2062 1037 2101 creatus
1077 2073 1170 2102 cum
1216 2058 1441 2112 fratribus,
1489 2073 1510 2100 e
1557 2057 1709 2112 quibus
1749 2057 1875 2100 Rado

372 2117 520 2159 tertius
541 2131 569 2159 a
585 2117 701 2160 Iona
713 2117 1045 2171 praetermissus
1065 2122 1136 2171 est,
1159 2117 1207 2160 in
1229 2118 1341 2161 saltu
1361 2117 1592 2172 Brieyensi
1612 2117 1875 2161 Resbacense

372 2178 431 2219 ad
454 2177 646 2231 reyulam
674 2175 926 2220 Columbani
947 2181 1275 2220 construoeerunt
1287 2178 1315 2231 ⁵,
1348 2191 1456 2231 quae
1476 2176 1738 2220 monasteria
1757 2176 1877 2220 haud

373 2236 492 2289 Zonye
523 2240 562 2278 et
590 2235 704 2279 inter
733 2251 776 2279 se
801 2241 840 2279 et
859 2238 912 2280 ab
934 2236 1218 2280 Evoriacensi
1238 2237 1414 2280 distant.
1466 2237 1541 2279 Eoe
1560 2236 1623 2280 eis
1642 2235 1875 2279 maximam

372 2295 676 2348 auctoritatem,
709 2298 821 2350 quod
839 2297 900 2339 ad
917 2296 987 2339 ius
1007 2296 1332 2340 ecclesiasticum
1345 2295 1544 2351 pertinet,
1570 2295 1876 2339 monasterium

373 2354 510 2396 Resb
523 2369 715 2398 acense
740 2360 1001 2399 consecutum
1026 2361 1097 2409 est,
1131 2356 1253 2399 cuius
1270 2355 1504 2411 privileyia
1527 2355 1643 2399 inter
1665 2355 1876 2408 formulas

374 2495 410 2540 1)
444 2495 512 2530 Ed.
539 2495 751 2538 Pae-dessus,
787 2496 886 2541 Dipl.
910 2496 964 2540 II,
992 2499 1046 2533 15.
1145 2498 1182 2541 2)
1213 2498 1239 2531 I
1242 2497 1272 2533 b.
1298 2497 1331 2541 I,
1358 2498 1437 2534 193.
1535 2495 1572 2542 3)
1607 2496 1708 2530 Inter
1738 2497 1875 2540 scripta

374 2542 583 2587 apocrypha
608 2547 855 2578 testamentum
871 2546 990 2578 reiecit
1007 2545 1214 2579 Mauricius
1230 2545 1399 2589 Lecomte,
1424 2544 1487 2578 ‘Le
1503 2547 1687 2579 testament
1702 2544 1744 2578 de
1758 2545 1876 2578 sainte

372 2590 481 2634 Fare,
507 2590 721 2637 'fondatrice
756 2594 789 2625 et
820 2591 997 2636 premiere
1036 2593 1176 2627 abbesse
1212 2593 1254 2627 de
1289 2591 1567 2627 Faremoutiers'
1605 2592 1790 2634 (‘Extrait
1825 2591 1875 2624 du

373 2638 533 2672 Bulletin
558 2638 599 2671 de
624 2639 663 2672 la
686 2638 886 2681 confe'rence
910 2639 1095 2674 d’histoire
1117 2644 1150 2674 et
1170 2640 1428 2684 d'arche'oloyie
1445 2640 1495 2673 du
1514 2639 1647 2673 diocese
1667 2639 1710 2673 de
1726 2637 1874 2673 Meam!

375 2687 480 2728 1898,
508 2697 549 2730 p.
576 2688 676 2729 321),
710 2687 796 2720 dum
828 2688 894 2731 qui
925 2687 1209 2722 dissertationem
1241 2689 1318 2723 eius
1350 2688 1568 2722 examinavit
1600 2687 1672 2721 Leo
1695 2687 1875 2722 Levtllain

372 2733 496 2774 (fflibl.
523 2733 564 2768 de
590 2733 701 2768 l’ecole
725 2735 785 2769 des
809 2734 962 2769 chartes'
982 2736 1086 2779 1899,
1112 2748 1148 2780 p.
1166 2737 1232 2779 95)
1257 2737 1480 2770 contrariam
1498 2735 1697 2778 opinionem
1717 2734 1876 2778 defendit

373 2781 482 2814 iudex
515 2792 587 2815 non
621 2782 707 2816 adeo
739 2782 879 2824 firmus.
929 2783 1088 2827 Denique
1121 2783 1170 2818 H.
1196 2784 1358 2827 Auffroi,
1387 2772 1591 2817 ‘Evolat-ion
1619 2782 1669 2816 du-
1692 2785 1875 2816 testament

373 2839 414 2862 en
440 2829 606 2872 France’,
631 2829 791 2863 Pamzsiis
810 2831 914 2874 1899,
934 2841 974 2874 p.
992 2832 1075 2873 228,
1100 2841 1136 2866 n.
1154 2833 1189 2874 4,
1217 2833 1462 2865 auctoritatem
1486 2831 1521 2865 ei
1543 2829 1739 2874 abroyam't.
1779 2829 1875 2864 Sane

372 2876 558 2920 exemplar
581 2887 670 2912 saec.
697 2877 768 2913 XI.
802 2878 912 2922 specie
945 2878 1167 2922 autoqraphi
1198 2880 1428 2923 compositu-m
1451 2877 1648 2923 mpioione
1671 2887 1742 2912 non
1767 2881 1873 2912 caret.

371 2922 409 2968 4)
436 2923 484 2959 K.
511 2924 627 2967 Pertz,
655 2925 752 2969 Dspl.
772 2925 802 2968 I,
825 2937 863 2970 p.
885 2927 939 2961 16.
1039 2925 1075 2970 5)
1099 2926 1141 2961 V.
1168 2926 1322 2962 Columb.
1346 2927 1378 2970 I,
1399 2927 1456 2962 26.

1895 934 1929 959 10

1898 1231 1932 1258 15

1898 1530 1934 1556 20

1899 1840 1934 1867 25

1900 2140 1935 2166 ³0

1900 2507 1934 2535 35

1899 2746 1935 2771 40

1994 497 2008 531 se.
1987 387 2008 488 <aab
1990 283 2008 381 mnae
1988 256 2003 277 v'-
1979 34 2008 239 2·.0.-³1·13·Q=f&{§
1980 19 1995 27 ³
1984 0 2008 13 ι’
