2008 3302
354 293 378 327 8
640 287 809 332 IONAS,
831 285 990 322 VITAE
1016 283 1323 321 GOLUMBANI
1348 283 1493 319 LIBRI
1517 283 1570 320 11.

354 410 522 455 vernali
543 409 772 452 etiamtunc
793 408 1017 450 haererent
1039 405 1316 459 Caesariana,
1340 404 1597 448 dominicum
1609 404 1860 459 paschalem

355 485 442 514 non
473 469 750 512 admittebant
780 471 878 509 ante
909 465 1020 509 diem
1042 469 1112 507 25.
1136 464 1311 518 Martii,
1344 464 1615 507 aestimantes
1635 479 1678 508 se
1707 463 1758 508 in
1778 463 1860 508 hac

356 528 641 573 observatione
679 525 820 569 sancti
859 540 910 568 ac
950 525 1074 567 laude
1114 523 1238 578 diyni
1269 523 1415 578 patris
1454 523 1655 567 Anatolii
1697 522 1860 578 scripta

354 593 513 632 secutos
551 601 639 629 esse
653 587 685 640 1,·
724 584 923 628 Anatolii
963 598 1059 627 vero
1099 583 1345 626 nitebantur
1384 597 1471 627 non
1511 583 1620 626 libro
1657 582 1857 638 yenuino,

354 650 429 690 sed
457 647 582 700 falsO,
625 659 746 700 quem
777 648 956 687 sectator
985 643 1161 698 quidam
1192 657 1337 685 eorum
1368 644 1428 686 ad
1456 642 1696 686 doctrinam
1726 643 1859 686 dome·

353 706 504 750 sticam
534 706 876 758 confirmandam
905 704 1095 756 finxerat
1108 704 1135 744 ².
1198 702 1267 745 Ab
1299 702 1564 746 adversariis
1597 702 1647 745 id
1675 701 1860 746 maxime

353 766 462 820 ipsis
493 764 668 808 crimini
699 765 895 817 dabatur,
928 763 1040 816 quod
1070 762 1176 805 luna
1204 761 1342 805 XIV.
1370 776 1464 804 cum
1490 760 1670 805 Iudaeis
1693 761 1860 816 pascha

355 826 637 878 celebrarent,·
684 838 775 866 cum
822 826 960 865 autem
1002 821 1351 864 resurrectionem
1395 821 1654 865 dominicam
1697 835 1860 875 semper

355 886 627 928 observarent
665 897 796 937 neque
836 883 984 924 lunam
1017 879 1152 923 XIV.
1195 882 1480 936 approbarent
1519 881 1609 924 nisi
1647 879 1860 925 dominico

355 944 424 986 die
456 942 784 998 provenientem,
827 943 880 984 ab
911 940 1122 995 imperitis
1153 944 1318 983 tantum
1349 954 1434 994 pro
1470 938 1860 995 quartodecimanis

354 1003 504 1046 haberi
535 1006 739 1057 poterant
776 1001 966 1054 iustoque
1008 1000 1103 1043 iure
1134 999 1234 1043 huic
1264 999 1459 1054 opinioni
1489 1000 1578 1044 iam
1607 999 1736 1043 Beda
1765 1013 1859 1043 con-

355 1062 596 1105 tradixerat
607 1063 636 1103 3.
729 1061 804 1103 Ad
871 1060 982 1103 diem
1044 1060 1294 1114 paschalem
1359 1060 1685 1114 computandum
1746 1059 1859 1114 cyclo

354 1121 632 1164 LXXXIV
665 1134 880 1163 annorum
925 1120 1163 1173 utebantur,
1211 1119 1286 1173 qui
1331 1124 1431 1162 ante
1471 1118 1706 1163 Victoriam
1743 1119 1862 1173 apud

353 1181 537 1223 Latinos
561 1180 612 1223 in
635 1194 717 1223 usu
736 1180 893 1233 fuerat,
926 1180 1113 1234 leyesque
1133 1178 1183 1222 in
1203 1178 1356 1233 quibus
1376 1179 1610 1222 haerebant
1630 1178 1860 1233 paschales

353 1240 517 1283 Romae
560 1255 600 1283 a.
636 1242 902 1282 312—342.
934 1238 1172 1293 viyuerant.
1235 1238 1482 1282 Missarum
1526 1237 1750 1282 sollemnia
1793 1236 1858 1282 in-

354 1299 668 1342 simulabantur
697 1298 1048 1352 multiplicatione
1089 1297 1330 1341 orationum
1369 1298 1434 1341 vel
1464 1298 1731 1341 collectarum
1761 1297 1858 1341 cele-

355 1360 481 1402 brare
492 1359 522 1400 4.
585 1357 796 1401 Missalia
836 1371 943 1411 quae
983 1361 1130 1400 emtant
1169 1357 1354 1411 oriyinis
1383 1357 1660 1412 Hibernicae,
1701 1356 1861 1400 scilicet

356 1418 568 1461 Stowense
607 1417 789 1471 aliaque,
831 1417 962 1459 ritum
1001 1416 1156 1459 missae
1195 1421 1519 1471 repraesentant
1553 1418 1743 1470 eundem,
1784 1415 1860 1471 qui

319 1514 327 1522 .
355 1481 453 1520 ante
484 1477 740 1532 Greyorium
765 1476 833 1518 M.
860 1476 989 1519 etiam
1013 1476 1176 1519 Romae
1201 1477 1443 1519 observatus
1473 1480 1535 1519 est
1546 1476 1574 1518 ⁵.
1628 1475 1859 1530 *Denique,

353 1541 402 1579 ut
431 1537 522 1579 alia
545 1535 895 1591 praetermittam,
930 1535 1062 1579 Scotti
1089 1535 1244 1590 capitis
1269 1550 1429 1579 comam
1460 1535 1588 1579 aliter
1618 1536 1857 1588 tondebant,

355 1596 490 1639 alium
521 1597 806 1639 characterem
845 1595 1125 1649 exprimentes
1137 1596 1164 1638 6.
1236 1595 1428 1649 Capillus
1467 1595 1581 1638 enim
1621 1609 1764 1638 eorum
1803 1595 1858 1640 ab

355 1670 460 1699 aure
492 1656 551 1698 ad
579 1670 728 1698 aurem
750 1669 832 1709 per
862 1655 1046 1708 frontem
1076 1654 1127 1698 in
1157 1669 1338 1698 coronae
1367 1656 1536 1698 modum
1562 1654 1728 1698 incisus
1751 1658 1857 1709 erat,

347 1729 431 1769 per
462 1714 701 1769 occipitium
733 1718 872 1757 autem
902 1714 1097 1757 intonsus
1127 1715 1384 1768 dependebat
1397 1715 1423 1768 ⁷,
1455 1714 1521 1757 ita
1548 1719 1596 1757 ut
1617 1714 1669 1757 in
1698 1713 1860 1768 frontis

355 1774 523 1829 quidem
562 1774 785 1829 superficie
825 1788 1004 1817 coronae
1043 1773 1257 1817 videretur
1294 1774 1472 1828 speciem
1502 1774 1745 1828 praeferre,
1786 1774 1862 1817 sed

354 1834 405 1876 in
436 1834 593 1877 cervice
624 1848 675 1876 ea
705 1835 925 1876 decurtata
955 1838 1061 1876 esset
1071 1834 1100 1875 ⁸.
1158 1834 1356 1877 Tonsura
1387 1834 1490 1877 haec
1514 1835 1568 1877 ab
1593 1831 1860 1877 adversariis

357 1893 607 1936 Simoniaca
637 1894 943 1948 appellabatur,
985 1893 1059 1947 qui
1098 1893 1184 1947 ipsi
1228 1907 1428 1936 coronam
1467 1893 1651 1948 exemplo
1685 1892 1861 1947 spineae

355 1952 474 1995 illius
504 1952 685 1996 Domini
724 1952 774 1995 in
813 1952 948 2006 capite
979 1954 1225 2006 portabant.
1289 1953 1351 1996 In
1395 1953 1641 1996 universum
1686 1953 1862 1997 ecclesia

357 2012 592 2055 Scottorum
622 2012 672 2055 in
703 2026 748 2055 eo
779 2016 892 2055 statu
915 2016 1273 2066 perseveraverat,
1306 2026 1428 2066 quem
1458 2011 1633 2056 ecclesia
1657 2011 1862 2056 Romana

354 2072 520 2114 saeculo
551 2072 640 2115 IV.
672 2072 845 2114 ineunte
876 2071 1124 2126 obtinuerat,
1166 2086 1319 2126 eaeque
1349 2086 1457 2127 quae
1490 2076 1639 2126 postea
1667 2071 1718 2115 in
1747 2071 1861 2115 hanc

354 2130 620 2174 introductae
666 2135 791 2174 erant
835 2131 1155 2174 consuetudines
1201 2146 1343 2175 omnes
1393 2131 1508 2186 ipsos
1557 2132 1764 2186 fuyerant
1811 2129 1861 2174 in

355 2195 537 2233 extremo
569 2191 717 2234 oceani
747 2190 849 2233 sitos
861 2191 890 2233 9.

499 2262 704 2305 Potestati
751 2261 919 2305 ordinis
970 2262 1153 2316 episcopi
1199 2262 1440 2306 dioecesani
1487 2262 1773 2318 Golumbanns
1817 2276 1861 2306 se

355 2321 528 2364 omnino
559 2323 840 2376 subtraoeerat,
882 2321 945 2364 ita
984 2326 1032 2364 ut
1063 2323 1202 2366 altare
1231 2322 1281 2366 in
1311 2322 1567 2366 monasterio
1598 2321 1861 2365 Imoeoviensi

355 2380 570 2435 episcopus
612 2381 776 2424 Scottus
815 2381 959 2424 Aidus
972 2382 1008 2407 1⁰
1052 2381 1223 2425 nomine
1269 2382 1607 2426 consecravisset.
1670 2381 1861 2425 Diversa

357 2521 392 2565 1)
426 2521 538 2564 Beda,
562 2521 612 2556 H.
639 2523 714 2557 eccl.
740 2522 815 2566 III,
832 2524 866 2558 3.
988 2524 1025 2567 2)
1062 2523 1216 2557 Librum
1241 2523 1418 2558 Anatholi'
1448 2523 1492 2557 de
1523 2523 1664 2557 ratione
1689 2521 1864 2567 paschali

355 2570 523 2613 spurium
571 2569 668 2603 edidi
717 2570 877 2604 ‘Studien
925 2581 997 2604 zur
1037 2570 1573 2606 christlich-mittelalterlichen
1613 2569 1860 2614 Chronoloyn'd

349 2628 389 2660 P.
408 2618 569 2661 311vsqq.
654 2617 693 2662 3)
718 2618 829 2660 Beda,
854 2618 903 2653 H.
931 2619 1008 2654 eccl.
1033 2618 1109 2662 III,
1127 2620 1162 2654 4.
1244 2619 1282 2662 4)
1305 2618 1346 2655 V.
1373 2618 1528 2655 Columb.
1554 2618 1608 2663 II,
1626 2619 1660 2655 9.
1739 2617 1778 2663 5)
1801 2617 1860 2661 Cf.

358 2665 394 2700 C.
412 2663 546 2708 Soho'll,
575 2665 766 2699 ‘Keltische
787 2665 933 2699 Kirche'
960 2665 1133 2710 (Herzog),
1162 2667 1460 2710 ‘JRealencyklop
1479 2666 1584 2711 VIII,
1603 2667 1674 2703 352
1685 2664 1728 2710 ²),
1752 2675 1862 2710 quam

355 2712 637 2746 dissertationem
654 2724 687 2748 a.
706 2714 807 2748 1901.
827 2715 1033 2747 retractavit
1050 2714 1099 2750 H.
1113 2715 1274 2748 Zimmer
1290 2715 1349 2759 (ib.
1368 2714 1416 2758 X,
1431 2713 1646 2758 204³sqq);
1661 2713 1708 2750 F.
1720 2713 1862 2755 Probet,

358 2760 437 2793 ‘Die
452 2759 748 2794 abendla'ndisehe
765 2760 876 2795 Messe
897 2771 973 2795 vom
991 2763 1024 2797 5.
1027 2763 1108 2797 —8.
1128 2761 1289 2805 Jahrh.,
1307 2762 1525 2797 Monasterii
1541 2762 1647 2805 1896,
1667 2772 1708 2806 p.
1726 2761 1860 2806 34899.

356 2808 392 2850 6)
413 2807 453 2843 V.
482 2807 638 2844 Columb.
664 2808 717 2851 II,
737 2810 768 2844 9.
861 2809 896 2853 7)
921 2809 1091 2852 Ducanye
1115 2820 1145 2845 s.
1171 2821 1201 2845 v.
1228 2810 1416 2846 ‘tonsurafl
1505 2811 1544 2854 8)
1573 2787 1684 2852 Beda,
1707 2808 1757 2844 H.
1783 2808 1861 2845 ecel.

361 2855 403 2897 V,
422 2856 479 2890 21.
570 2855 606 2901 9)
632 2856 692 2890 Ita
716 2859 805 2890 recte
829 2857 990 2890 Zimmer
1015 2857 1037 2892 l.
1065 2857 1086 2892 l.
1107 2859 1222 2900 Ρ.35.
1311 2857 1371 2903 10)
1399 2857 1453 2901 Of.
1481 2857 1638 2893 Columb.
1661 2857 1763 2901 epist
1788 2856 1860 2892 IV.

357 2901 460 2944 (ΜΘ
488 2903 556 2946 Ep.
581 2903 654 2947 III,
676 2905 772 2943 167).
814 2904 944 2948 Aidus,
971 2915 1072 2948 quem
1097 2905 1255 2938 Scottum
1279 2906 1391 2948 fuisse
1410 2906 1570 2949 primus,
1593 2904 1715 2949 quoad
1737 2904 1860 2947 sciam,

350 2953 538 2993 perspeoeit
563 2932 768 2995 A.15’sauclc‚
795 2951 1160 2996 ‘Kirchenqeschichte
1185 2951 1640 2998 Deutsohlands'1,266³,
1666 2952 1759 2986 idem
1783 2952 1862 2994 for-

1886 957 1920 983 10

1886 1257 1920 1284 15

1883 1555 1920 1582 80

1883 1852 1920 1879 25

1885 2151 1921 2177 30

1885 2530 1921 2557 35
