2008 3302
410 273 579 319 IONAS,
597 273 760 310 VITAE
786 273 1094 311 OOLUMBANI
1117 273 1264 310 LIBRI
1289 273 1342 312 ΙΙ.
1585 277 1629 312 51

125 397 348 445 historiam
380 396 654 450 releyationis
683 410 898 451 novaeque
923 396 1288 452 pereyrinationis
1308 410 1393 452 per
1422 397 1632 440 Alaman-

124 457 244 503 niam
274 457 324 500 in
354 455 534 500 Italiam
563 469 696 511 usque
726 457 787 500 ad
815 456 972 500 obitum
1002 456 1179 510 felicem,
1212 456 1243 499 i.
1266 471 1300 499 e.
1326 456 1447 500 intra
1468 470 1632 511 paucos

2 571 3 575 Ἰ
125 531 263 563 annos
289 521 434 560 607—
448 520 548 558 615.
578 520 708 570 qesta,
742 516 1067 570 comprehendit.
1119 516 1374 560 Procedente
1399 516 1512 559 enim
1536 520 1631 559 tem-

2 582 35 631 )ss
118 590 222 633 pore
251 576 390 630 fontes
420 590 467 618 eo
497 575 672 619 uberius
694 576 832 628 fluere
859 579 1094 630 coeperunt,
1126 590 1207 630 quo
1237 575 1382 619 minus
1411 577 1463 619 de
1492 575 1632 619 sancti

0 659 26 686 ς
83 652 103 686 ι
116 636 374 693 pm'mordiis
419 639 459 679 et
503 635 820 679 conversatione
862 635 1107 678 Hibernica
1151 635 1423 679 abundantia
1467 636 1632 690 fideque

16 708 46 759 f
115 697 408 753 praestabant,
448 708 669 750 perpauca
716 698 882 738 tantum
920 708 1162 749 parumque
1207 699 1343 749 certa,
1391 710 1444 738 ne
1490 695 1631 739 dicam

7 761 31 813 J
104 759 111 767 “
122 756 320 811 fabulosa
351 756 577 798 tradentes.
635 755 771 798 Ionas
801 754 1021 809 utriusque
1051 754 1303 797 monasterii
1333 759 1373 798 et
1401 754 1632 798 Bobiensis

5 818 37 855 ἐ
123 819 163 860 et
200 814 485 859 Luxoviensis
523 814 743 868 proximos
787 813 929 857 sancti
969 827 1228 858 successores
1267 818 1307 857 et
1344 814 1553 857 Athalam
1593 819 1632 858 et

17 857 40 927 ᾗ
121 874 375 919 Eustasium
415 878 535 918 testes
570 873 704 918 citare
740 878 912 928 poterat
949 878 1074 928 atque
1113 873 1343 918 etiamtunc
1387 873 1632 928 superstites

11 939 36 994 ζ’
65 949 101 986 ιο
121 949 250 990 quam
281 934 495 990 plurimos
532 947 677 977 eorum
716 947 804 977 esse
845 933 1100 988 affirmavit,
1148 933 1223 987 qui
1261 933 1476 977 miracula
1515 935 1633 988 apud

2 967 35 1050 &ff
121 998 314 1039 sanctum
331 997 513 1049 patrata
537 998 577 1037 et
599 993 806 1036 vidissent
825 997 864 1036 et
887 993 973 1048 ipsi
993 993 1316 1037 enarravissent
1329 994 1357 1035 ¹.
1410 994 1628 1047 Auctores,

11 1055 15 1059 ’
122 1070 152 1099 a
197 1053 350 1109 quibus
394 1053 608 1097 miracula
654 1057 882 1108 acceperat,
935 1067 1058 1108 saepe
1103 1053 1354 1107 nominavit,
1401 1054 1512 1096 velut
1556 1053 1631 1107 qui

16 1156 32 1168 ,,
129 1113 434 1158 Columbanum
464 1113 514 1156 in
545 1114 754 1156 desertum
794 1112 983 1156 comitati
1015 1112 1208 1167 piscibus
1248 1112 1469 1167 capiendis
1507 1127 1630 1156 vaca—

8 1170 45 1328 }
121 1178 284 1228 verant,
333 1173 637 1217 Sonicharium
683 1177 784 1215 tunc
829 1173 1131 1216 adolescentem
1176 1173 1316 1216 adhuc
1366 1172 1630 1227 superstitem

64 1247 98 1285 μ
121 1238 246 1288 atque
266 1232 580 1277 celeberrimum
607 1232 782 1276 Gallum
804 1232 936 1286 illum,
968 1246 1145 1286 quocum
1166 1231 1328 1275 diutius
1358 1236 1630 1276 conversatus

38 1347 41 1349 ‚
120 1293 288 1337 videtur
321 1307 409 1336 esse
422 1294 448 1335 ².
518 1291 841 1346 Theudeyisilus
881 1291 1061 1346 diyitum
1101 1291 1150 1334 in
1188 1293 1378 1335 metendo
1419 1291 1629 1336 abscisum

11 1370 37 1411 ς
121 1351 245 1408 atque
274 1352 415 1395 saliva
445 1351 583 1395 sancti
613 1355 815 1394 sanatum
846 1351 887 1394 ei
925 1351 1016 1405 ipse
1045 1355 1357 1394 monstraverat
1369 1352 1396 1405 3,
1437 1351 1629 1405 idemque

6 1411 35 1426 ³²
121 1413 250 1457 etiam
292 1413 343 1455 de
385 1416 516 1454 morte
559 1411 738 1454 alterius
784 1410 1049 1465 Columbani,
1094 1410 1170 1465 qui
1210 1425 1303 1454 una
1346 1425 1439 1454 cum
1481 1415 1628 1454 sancto

6 1504 34 1526 ,φ
121 1487 173 1516 ex
204 1471 423 1516 Hibernia
463 1472 706 1524 advenerat,
748 1470 788 1514 ei
827 1470 1036 1513 rettulisse
1075 1470 1293 1514 videtur4:
1333 1471 1479 1524 fuerat
1514 1470 1628 1514 enim

12 1528 34 1586 ,ᾗ
62 1549 100 1582 ιο
121 1532 317 1576 minister
337 1531 468 1574 illius.
502 1531 575 1574 Ea
596 1545 704 1585 quae
722 1529 948 1574 Winiocus
959 1530 1182 1585 presbyter
1199 1530 1367 1573 viderat
1385 1530 1600 1573 miracula
1613 1531 1629 1556 ⁵

14 1591 33 1605 ²
121 1592 304 1646 fortasse
342 1591 463 1645 filius
501 1590 639 1646 ipsius
677 1590 921 1633 Bobolenus
960 1591 1092 1633 abbas
1129 1590 1366 1633 enarravit.
1428 1590 1629 1633 Donatus

11 1642 36 1702 ἦ
121 1651 338 1706 ῳίεεομιε
376 1650 732 1703 Vesontionensis,
774 1651 824 1693 de
865 1649 986 1693 cuius
1017 1649 1182 1704 oriyine
1213 1654 1253 1693 et
1281 1650 1457 1703 familia
1489 1650 1529 1704 I,
1561 1654 1626 1692 14.

122 1711 292 1766 rettulit,
333 1711 562 1754 etiamtunc
602 1710 716 1753 inter
746 1710 862 1752 vivos
902 1714 1007 1752 erat.
1071 1710 1197 1753 Inter
1227 1714 1419 1753 auctores
1450 1710 1629 1753 alterius

113 1771 271 1826 partis,
313 1785 420 1825 quae
459 1770 640 1813 maioris
679 1769 878 1812 momenti
909 1774 970 1812 est
999 1774 1123 1824 atque
1154 1769 1283 1812 etiam
1314 1771 1374 1813 ad
1403 1769 1628 1812 historiam

61 1844 98 1882 φο
117 1830 336 1886 politicam
366 1830 636 1874 scribendam
666 1829 892 1872 materiam
923 1829 1068 1872 utilem
1094 1829 1233 1883 affert,
1258 1829 1454 1883 primum
1476 1830 1630 1883 procul

20 1906 38 1931 ιτ
121 1890 248 1934 dubio
293 1891 428 1934 locum
468 1890 632 1933 Athala
678 1894 717 1932 et
755 1889 989 1932 Eustasius
1034 1893 1251 1943 occupant,
1299 1903 1402 1943 quos
1442 1889 1629 1932 Luxovii

121 1950 286 1994 relictos
325 1951 376 1993 de
414 1949 558 1994 causis
593 1949 716 1992 exilii
747 1949 897 2003 optime
926 1949 1157 1992 instructos
1187 1949 1322 2001 fuisse
1354 1953 1523 2003 oportet.
1584 1949 1632 1991 E

121 2010 272 2065 quibus
310 2024 423 2053 unus
462 2009 702 2052 ministerio
741 2008 994 2052 Columbani
1034 2008 1262 2052 adiunctus
1301 2009 1458 2062 fuerat,
1506 2009 1626 2062 alter,

24 2120 29 2122 ,
121 2069 280 2114 scilicet
308 2069 541 2112 Eustasius
553 2070 581 2123 ⁶,
614 2070 752 2123 ipsum
783 2068 832 2111 in
870 2068 1151 2111 Theudeberti
1180 2082 1358 2123 reynum
1388 2069 1630 2111 subsecutus

63 2147 99 2174 ιο
121 2129 378 2173 miraculum
411 2143 544 2183 prope
574 2128 858 2183 Briyantiam
884 2132 1107 2181 patratum
1136 2127 1308 2179 rettulit,
1350 2127 1502 2170 deinde
1540 2129 1629 2171 vice

32 2230 33 2234 ,
122 2190 262 2233 sancti
292 2189 559 2232 Luxoviense
602 2187 906 2231 monasterium
944 2189 1192 2242 yubernans
1230 2187 1351 2230 iussu
1389 2187 1630 2230 Chlotharii

122 2249 372 2304 leyationem
402 2248 523 2291 illam
554 2247 746 2302 suscepi-t,
780 2249 829 2290 de
860 2261 946 2301 qua
970 2247 1020 2290 in
1045 2247 1156 2290 calce
1181 2246 1283 2290 libri
1313 2247 1495 2290 relatum
1527 2251 1588 2290 est
1601 2247 1628 2290 ⁷.

20 2302 46 2373 ὲ
131 2309 275 2352 Comes
313 2313 453 2351 autem
488 2307 660 2351 itineris
698 2307 829 2361 illius,
877 2320 957 2360 quo
996 2306 1280 2350 Columbanus
1319 2322 1339 2350 e
1376 2306 1630 2350 Theuderici

27 2368 51 2391 ⁷·
122 2382 251 2423 reyno
293 2369 619 2422 *reportabatur,
661 2367 892 2410 etiamtunc
930 2367 1104 2421 deyebat
1133 2366 1386 2409 Potentinus
1397 2367 1425 2420 ⁸,
1467 2366 1541 2421 qui
1579 2366 1630 2410 in
1655 2382 1754 2415 *μη

28 2405 99 2492 {aa
123 2428 303 2472 dioecesi
341 2427 616 2472 Constantiae
661 2427 782 2469 urbis
826 2426 1130 2470 monasterium
1177 2426 1435 2470 condiderat.
1506 2427 1630 2469 Inter

35 2502 42 2534 ζ
123 2487 295 2532 clericos
334 2487 531 2531 ecclesiae
562 2486 934 2542 Mayontiacensis
974 2486 1110 2530 Ionas
1149 2486 1394 2539 familiares
1430 2486 1630 2530 habuisse

30 2579 41 2601 ,χ
122 2547 300 2602 videtur,
332 2547 406 2602 qui
436 2547 576 2601 ipsum
608 2548 658 2589 de
689 2546 908 2601 colloquiis
935 2545 1164 2589 Lesionis⁹
1195 2545 1380 2602 episcopi
1410 2545 1630 2589 certiorem

38 2611 43 2614 ’
123 2607 326 2661 facerent.
378 2606 577 2661 Denique
609 2606 735 2649 liberi
762 2605 1027 2660 Oliaynerici
1057 2605 1178 2648 illius
1204 2605 1486 2649 Theudeberti
1515 2605 1630 2660 reyis

38 2696 42 2698 -
125 2667 334 2721 convivae,
361 2666 411 2710 in
435 2666 556 2710 cuius
577 2668 697 2709 domo
720 2680 803 2721 per
825 2666 1046 2709 Meldense
1067 2665 1329 2709 territorium
1347 2665 1630 2720 proficiscens

9 1700 61 1905 ἶ

19 2800 46 2856 ’ξῖ
66 2818 103 2846 ω
127 2809 162 2853 1)
189 2808 247 2851 Cf.
269 2809 458 2853 epistulam
481 2808 522 2844 V.
547 2807 757 2842 Columbani
773 2808 1026 2851 praemissam.
1101 2807 1138 2852 2)
1158 2806 1198 2842 V.
1218 2806 1370 2841 Columb.
1388 2806 1420 2849 I,
1439 2807 1501 2841 11:
1524 2803 1629 2840 Haec

35 2858 43 2886 Ξ
126 2855 230 2891 nobie
254 2867 365 2901 supra
390 2855 508 2890 dietus
525 2853 654 2889 Gallus
678 2863 764 2899 sepe
789 2854 964 2890 narravit.
1006 2855 1123 2889 Locus
1140 2855 1179 2888 in
1195 2855 1345 2888 editione
1361 2853 1629 2887 Mabillom'ana

126 2904 363 2949 desideratur,
449 2905 488 2945 3)
512 2903 552 2938 V.
581 2902 739 2938 Columb.
760 2902 792 2947 I,
813 2904 869 2939 15.
954 2903 993 2947 4)
1021 2902 1079 2937 Ib.
1101 2902 1134 2944 I,
1154 2903 1210 2938 17.
1289 2901 1327 2945 5)
1356 2901 1414 2937 Ib.
1433 2901 1467 2945 I,
1488 2902 1554 2937 15.Χ
1572 2903 1628 2937 17-

128 2950 164 2998 6)
188 2951 246 2987 Ib.
267 2952 299 2994 I,
315 2953 373 2988 27.
473 2952 509 2995 7)
539 2950 596 2987 Ib.
620 2951 652 2994 I,
671 2952 729 2986 30.
827 2951 865 2995 8)
894 2950 951 2986 Ib.
975 2949 1006 2992 I,
1023 2951 1082 2986 21.
1180 2950 1217 2994 9)
1243 2949 1300 2985 Ib.
1321 2948 1355 2991 I,
1372 2950 1430 2984 27.

1299 3020 1345 3056 4*
