2008 3302
389 274 437 309 42
676 268 844 314 IONAS,
860 266 1023 303 VITAE
1048 263 1355 323 COLUMBANI
1380 264 1526 301 LIBRI
1550 264 1604 302 H.

391 393 549 436 dicitur
578 391 852 444 sospitemque
882 388 1014 431 matri
1050 386 1366 441 commendavit,
1409 387 1537 430 donec
1576 402 1605 430 a
1643 386 1891 432 Chlothario

391 452 560 495 redi-ens
586 449 797 504 reliyiosis
820 447 1002 491 vestibus
1026 461 1119 489 eam
1143 446 1351 489 indueret.
1404 446 1537 489 Pater
1559 460 1658 490 vero
1679 447 1890 501 pollicita-

392 511 520 555 tion-is
545 523 642 552 mosc
667 508 818 551 oblitus
849 506 1024 561 nuptias
1053 506 1142 548 iam
1165 519 1332 559 parare
1355 505 1547 549 decrevit.
1601 507 1723 561 Quod
1741 507 1891 562 puella

391 574 598 624 comperta
619 583 713 611 cum
732 567 847 610 socia
870 567 929 609 ad
948 565 1169 609 basilicam
1193 565 1237 608 S.
1259 564 1380 607 Petri
1400 565 1664 617 Meldensem
1685 565 1888 622 confuyit,

391 643 562 683 cumque
593 628 657 671 vel
687 642 732 670 eo
763 626 855 681 ipso
887 627 974 669 loco
997 624 1126 679 pueri
1157 640 1185 667 a
1208 628 1336 679 patre
1365 624 1490 667 missi
1519 630 1692 668 mortem
1721 625 1773 669 in
1796 640 1891 670 eam

389 690 667 740 intenderent
709 685 941 729 Eustasius
979 698 1196 739 reyressus
1235 684 1376 738 ipsam
1416 683 1613 728 liberavit
1651 689 1775 740 atque
1809 699 1892 740 per

397 747 699 791 Gundoaldum
720 745 840 789 urbis
860 744 980 788 illius
1002 744 1249 799 pontificem
1269 743 1409 786 sacris
1428 743 1610 788 vestibus
1629 744 1892 788 induendam

391 807 569 851 curavit.
647 807 766 848 Tunc
804 804 1109 848 monasterium
1149 802 1368 858 viryinum
1408 803 1649 848 Evoriacas
1687 804 1752 847 vel
1789 804 1891 848 Bri-

388 881 514 922 9ense
528 867 555 920 1,
581 870 730 920 postea
761 879 812 908 ex
842 869 1015 907 sanctae
1045 863 1216 906 nomine
1241 863 1289 905 F
1285 877 1391 906 arae
1420 863 1736 917 monasterium,
1767 863 1892 908 hodie

390 925 711 970 Faremoutiers
757 924 1033 979 appellatum,
1080 922 1131 965 in
1170 923 1257 965 solo
1294 927 1479 977 paterno
1519 923 1798 977 aedificatum,
1831 928 1894 968 est

391 1000 616 1039 curamque
671 982 935 1037 aedificandi
990 982 1222 1025 Eustasius
1276 982 1496 1026 monachis
1550 983 1728 1038 duobus,
1782 981 1891 1027 Cha-

387 1046 571 1100 9noaldo
602 1044 758 1088 scilicet
796 1042 932 1096 fratri
965 1043 1134 1097 puellae
1164 1046 1204 1084 et
1236 1042 1514 1096 Waldeberto,
1555 1042 1764 1086 commisit
1799 1057 1901 1100 ana,

391 1120 483 1148 cum
529 1105 677 1158 reyula
723 1104 922 1146 docenda.
1001 1102 1167 1145 Domus
1180 1103 1207 1155 ²,
1255 1116 1335 1156 quo
1388 1101 1525 1145 tribus
1575 1101 1697 1146 ostiis
1747 1101 1891 1147 aditus

381 1165 567 1219 patebat,
610 1167 649 1206 et
688 1163 814 1206 cellas
854 1166 893 1204 et
932 1161 1230 1205 dormitorium
1270 1176 1484 1204 commune
1523 1162 1894 1216 comprehendebat

391 1238 521 1278 neque
542 1224 690 1266 hortus
711 1224 865 1275 deerat,
898 1221 947 1264 in
968 1235 1049 1276 quo
1075 1222 1191 1264 olera
1223 1223 1282 1264 ad
1306 1221 1530 1275 coquinam
1561 1221 1807 1266 necessaria
1837 1222 1891 1266 ab

390 1283 497 1337 ipsis
527 1282 767 1337 viryinibus
798 1282 1042 1324 colebantur
1051 1295 1067 1335 ,·
1099 1285 1227 1324 totum
1248 1285 1388 1324 autem
1407 1281 1714 1324 monasterium
1733 1281 1892 1336 saeptis

390 1343 454 1385 vel
484 1343 595 1385 vallo
634 1342 890 1395 cinqebatur,
931 1355 1039 1395 quae
1080 1340 1363 1383 transiliendo
1402 1340 1562 1384 violari
1601 1354 1687 1384 non
1726 1340 1888 1384 licebat.

390 1402 739 1456 Burqundofara
777 1405 913 1444 mater
951 1400 1193 1455 viryinibus
1225 1404 1432 1454 praeerat
1475 1399 1646 1454 aliaque
1692 1400 1892 1444 cellariae

391 1475 563 1504 munere
613 1461 884 1515 funyebatur.
974 1460 1079 1503 Cum
1131 1459 1371 1502 abbatissae
1421 1460 1544 1512 fama
1593 1459 1762 1514 passim
1809 1473 1893 1514 per

398 1520 570 1564 Gallias
610 1525 734 1574 atque
773 1519 901 1563 etiam
932 1533 1016 1574 per
1054 1519 1323 1562 Britannias
1364 1520 1655 1574 celebraretur,
1693 1533 1892 1574 proceres

391 1595 478 1623 non
528 1581 663 1622 solum
714 1580 1009 1634 Francorum,
1067 1580 1142 1622 sed
1190 1578 1319 1621 etiam
1369 1579 1724 1633 Anylosacconum
1773 1579 1892 1633 filias

391 1639 647 1684 erudiendas
693 1654 743 1682 ac
788 1653 940 1693 sponso
987 1638 1153 1682 caelesti
1198 1638 1440 1692 iunyendas
1485 1638 1572 1692 ipsi
1618 1639 1846 1683 tradebant
1861 1639 1889 1693 ³,

389 1700 453 1742 ita
492 1704 539 1741 ut
577 1699 766 1753 viryines
806 1700 960 1742 multae
999 1713 1046 1741 eo
1086 1699 1359 1752 confluerent,
1400 1698 1604 1752 inprimis
1644 1713 1666 1742 e
1703 1698 1892 1752 familiis

390 1758 602 1801 nobilibus
648 1763 777 1801 ortae.
855 1758 1065 1801 Instituta
1116 1757 1377 1801 coenobialia
1428 1773 1456 1801 a
1494 1758 1739 1814 praeceptis
1783 1772 1891 1813 quae

389 1818 609 1861 monachis
638 1818 730 1860 suis
756 1818 1041 1861 Columbanus
1073 1819 1246 1861 dederat
1266 1831 1429 1872 parum
1460 1817 1728 1870 differebant.
1786 1817 1890 1862 Con-

389 1878 617 1930 fessionem
647 1879 765 1931 apud
802 1882 981 1920 matrem
1021 1877 1210 1931 viryines
1249 1878 1556 1932 eoepromebant,
1598 1891 1707 1931 quae
1737 1877 1891 1934 paeni·

391 1937 565 1980 tentiam
597 1939 656 1980 ad
685 1938 877 1991 reyulam
902 1937 1175 1991 peccantibus
1204 1936 1428 1991 irroyabat
1458 1952 1486 1979 a
1518 1951 1688 1992 corpore
1708 1937 1892 1981 Domini

390 1997 477 2039 iani
509 1996 750 2051 seyreyatis.
814 1996 964 2040 Etiam
996 1996 1215 2040 cotidiana
1256 1996 1408 2039 delicta
1448 1996 1498 2040 in
1538 1996 1801 2051 coyitatione,
1842 1997 1892 2040 in

389 2070 590 2110 sermone,
624 2056 672 2099 in
703 2070 825 2110 opere
856 2056 1079 2100 commissa
1100 2056 1294 2109 confiteri
1315 2057 1537 2111 oportebat,
1565 2060 1707 2111 terque
1727 2056 1890 2110 cotidie,

388 2116 498 2158 sicut
542 2120 636 2158 erat
681 2120 719 2158 et
762 2116 1015 2158 monasterii
1061 2120 1099 2159 et
1143 2116 1314 2170 reyulae
1361 2118 1613 2160 consuetudo
1618 2150 1630 2171 ,
1670 2131 1755 2170 per
1799 2130 1892 2160 con-

389 2175 614 2227 fessionem
660 2190 778 2218 mens
808 2176 1121 2230 puryabatur4.
1200 2174 1305 2218 Cum
1353 2175 1611 2219 Golumbano
1655 2176 1760 2220 bina
1799 2190 1891 2220 con-

390 2235 520 2287 fessio
567 2234 801 2287 suffecisset
845 2235 1049 2289 tertiaque
1096 2250 1124 2278 a
1169 2235 1343 2278 Donato
1390 2235 1541 2278 addita
1587 2240 1711 2290 esset,
1763 2235 1892 2280 huius

390 2295 580 2348 reyutam
610 2295 659 2337 in
689 2295 946 2338 monasterio
976 2294 1261 2338 Evoriacensi
1292 2310 1320 2338 a
1350 2295 1591 2350 virginibus
1630 2296 1892 2340 observatam

390 2368 477 2396 esse
522 2368 573 2396 ex
619 2355 695 2397 hoc
745 2355 831 2397 loco
878 2354 1072 2397 concludi
1118 2354 1224 2398 licet.
1302 2355 1546 2398 Missarum
1590 2355 1812 2399 sollemnia
1863 2370 1892 2398 a

391 2413 593 2456 monacho
626 2414 957 2467 celebrabantur,
990 2428 1071 2467 quo
1110 2428 1284 2457 munere
1315 2415 1452 2458 Ionas
1491 2416 1705 2469 quondam
1743 2415 1890 2470 funye-

391 2472 526 2526 batur,
560 2473 699 2527 eisque
729 2472 1077 2527 Buryundofara
1117 2488 1210 2516 cum
1249 2475 1515 2526 famularum
1554 2475 1724 2529 colleyio
1763 2474 1890 2518 inter-

391 2536 494 2574 erat.
558 2532 733 2586 Viryini
767 2533 1047 2575 moribundae
1078 2533 1267 2587 reliquae
1299 2549 1392 2577 cum
1422 2538 1558 2578 matre
1589 2535 1649 2577 ad
1676 2548 1892 2589 supremos

390 2591 568 2637 honores
589 2594 877 2646 praestandos
908 2594 1092 2635 aderant
1112 2594 1424 2648 psallentesque
1454 2594 1647 2637 animam
1677 2597 1892 2637 exeuntem

393 2743 426 2788 1)
453 2744 566 2787 Beda,
591 2744 686 2783 Hifflst
712 2745 789 2779 eccl.
816 2744 889 2788 III,
908 2746 952 2780 8:
978 2744 1015 2778 in
1039 2746 1274 2790 monasterio,
1301 2745 1399 2792 quod
1424 2745 1462 2780 in
1486 2745 1651 2800 regione
1661 2744 1890 2781 Francorum

1917 942 1952 969 10

1917 1239 1952 1266 1⁵

1915 1835 1951 1863 25

1916 2433 1951 2460 35

391 2794 640 2826 constructum
675 2794 731 2826 est
764 2791 809 2826 ab
841 2770 1024 2826 abbatissa
1057 2792 1283 2828 nobilissima
1306 2794 1487 2828 vocabulo
1512 2793 1609 2828 Fara
1640 2793 1679 2828 iu
1712 2794 1794 2828 loco
1828 2793 1891 2839 qui
1913 2803 1950 2830 4ο

391 2838 525 2873 dicitur
553 2839 591 2873 in
617 2838 738 2885 Brige.
837 2841 873 2884 2)
908 2839 1387 2884 V.Cozumb.11,11-22
1485 2841 1522 2888 3)
1552 2842 1664 2885 Beda,
1689 2841 1787 2878 Hist.
1813 2842 1890 2876 eccl.

390 2886 466 2927 III,
492 2889 525 2923 8.
592 2887 847 2922 Willesut‘ndae
888 2898 932 2921 ex
967 2898 1092 2931 yenere
1129 2889 1360 2924 Santonorum
1397 2890 1508 2924 Ionas
1544 2890 1597 2933 II,
1625 2891 1681 2934 17,
1720 2890 1889 2928 meminit.

390 2935 427 2977 4)
456 2934 495 2970 V.
524 2935 679 2972 Columb.
704 2936 758 2979 II,
779 2937 832 2972 19.
