<?xml version="1.0" encoding="UTF-8"?>
<!DOCTYPE html PUBLIC "-//W3C//DTD XHTML 1.0 Transitional//EN"
    "http://www.w3.org/TR/xhtml1/DTD/xhtml1-transitional.dtd">
<html xmlns="http://www.w3.org/1999/xhtml" xml:lang="en" lang="en">
 <head>
  <title>
</title>
<meta http-equiv="Content-Type" content="text/html;charset=utf-8" />
  <meta name='ocr-system' content='tesseract 3.04.00' />
  <meta name='ocr-capabilities' content='ocr_page ocr_carea ocr_par ocr_line ocrx_word'/>
</head>
<body>
  <div class='ocr_page' id='page_1' title='image "./ionaevitaesancto37jonauoft_0340.png"; bbox 0 0 2008 3302; ppageno 0'>
   <div class='ocr_carea' id='block_1_1' title="bbox 352 258 1529 311">
    <p class='ocr_par' dir='ltr' id='par_1_1' title="bbox 352 258 1529 311">
     <span class='ocr_line' id='line_1_1' title="bbox 352 258 1529 311; baseline -0.001 -15"><span class='ocrx_word' id='word_1_1' title='bbox 352 265 424 300; x_wconf 82' lang='lat'><em>324</em></span> <span class='ocrx_word' id='word_1_2' title='bbox 677 259 844 311; x_wconf 81' lang='lat' dir='ltr'><em>IONAS,</em></span> <span class='ocrx_word' id='word_1_3' title='bbox 863 259 991 295; x_wconf 88' lang='lat' dir='ltr'><strong>VITA</strong></span> <span class='ocrx_word' id='word_1_4' title='bbox 1015 258 1270 294; x_wconf 85' lang='lat' dir='ltr'><strong>IOHANNIS</strong></span> <span class='ocrx_word' id='word_1_5' title='bbox 1295 258 1529 301; x_wconf 85' lang='lat' dir='ltr'><em>ABBATIS.</em></span> 
     </span>
    </p>
   </div>
   <div class='ocr_carea' id='block_1_2' title="bbox 344 380 2000 1212">
    <p class='ocr_par' dir='ltr' id='par_1_2' title="bbox 344 380 2000 1212">
     <span class='ocr_line' id='line_1_2' title="bbox 344 380 1869 439; baseline 0.001 -12"><span class='ocrx_word' id='word_1_6' title='bbox 344 383 490 439; x_wconf 79' lang='lat' dir='ltr'><em>phicis</em></span> <span class='ocrx_word' id='word_1_7' title='bbox 530 386 692 426; x_wconf 88' lang='lat' dir='ltr'><em>secutus</em></span> <span class='ocrx_word' id='word_1_8' title='bbox 737 395 830 424; x_wconf 89' lang='lat' dir='ltr'><em>sum</em></span> <span class='ocrx_word' id='word_1_9' title='bbox 845 382 872 424; x_wconf 79' lang='lat'><em>1.</em></span> <span class='ocrx_word' id='word_1_10' title='bbox 943 380 1110 424; x_wconf 79' lang='lat' dir='ltr'><em>Codicis</em></span> <span class='ocrx_word' id='word_1_11' title='bbox 1156 385 1295 423; x_wconf 88' lang='lat' dir='ltr'><em>autem</em></span> <span class='ocrx_word' id='word_1_12' title='bbox 1338 380 1381 423; x_wconf 98' lang='lat' dir='ltr'><strong><em>A</em></strong></span> <span class='ocrx_word' id='word_1_13' title='bbox 1399 384 1424 422; x_wconf 82' lang='grc'><strong>2</strong></span> <span class='ocrx_word' id='word_1_14' title='bbox 1473 380 1680 425; x_wconf 90' lang='lat' dir='ltr'><em>librarius</em></span> <span class='ocrx_word' id='word_1_15' title='bbox 1723 382 1869 431; x_wconf 75' lang='lat' dir='ltr'><em>multo.</em></span> 
     </span>
     <span class='ocr_line' id='line_1_3' title="bbox 354 440 1855 494; baseline 0 -8"><span class='ocrx_word' id='word_1_16' title='bbox 354 442 561 486; x_wconf 76' lang='lat' dir='ltr'><em>recentior</em></span> <span class='ocrx_word' id='word_1_17' title='bbox 590 455 821 484; x_wconf 86' lang='lat' dir='ltr'><em>sermonem</em></span> <span class='ocrx_word' id='word_1_18' title='bbox 852 440 1115 483; x_wconf 85' lang='lat' dir='ltr'><em>vetustiorem</em></span> <span class='ocrx_word' id='word_1_19' title='bbox 1140 441 1315 483; x_wconf 85' lang='lat' dir='ltr'><em>eundem</em></span> <span class='ocrx_word' id='word_1_20' title='bbox 1340 454 1499 494; x_wconf 86' lang='lat' dir='ltr'><em>parum</em></span> <span class='ocrx_word' id='word_1_21' title='bbox 1524 445 1753 485; x_wconf 86' lang='lat' dir='ltr'><em>correctum</em></span> <span class='ocrx_word' id='word_1_22' title='bbox 1777 456 1855 486; x_wconf 83' lang='lat' dir='ltr'><em>suo</em></span> 
     </span>
     <span class='ocr_line' id='line_1_4' title="bbox 355 500 1854 555; baseline 0 -10"><span class='ocrx_word' id='word_1_23' title='bbox 355 501 566 546; x_wconf 90' lang='lat' dir='ltr'><em>arbitratu</em></span> <span class='ocrx_word' id='word_1_24' title='bbox 590 500 757 555; x_wconf 86' lang='lat' dir='ltr'><em>passim</em></span> <span class='ocrx_word' id='word_1_25' title='bbox 787 500 1017 543; x_wconf 88' lang='lat' dir='ltr'><em>immutans</em></span> <span class='ocrx_word' id='word_1_26' title='bbox 1048 501 1223 542; x_wconf 89' lang='lat' dir='ltr'><em>eandem</em></span> <span class='ocrx_word' id='word_1_27' title='bbox 1253 501 1381 553; x_wconf 71' lang='lat' dir='ltr'><em>fidem</em></span> <span class='ocrx_word' id='word_1_28' title='bbox 1411 514 1498 543; x_wconf 91' lang='lat' dir='ltr'><em>non</em></span> <span class='ocrx_word' id='word_1_29' title='bbox 1522 505 1717 544; x_wconf 87' lang='lat' dir='ltr'><em>meretur.</em></span> <span class='ocrx_word' id='word_1_30' title='bbox 1764 502 1854 545; x_wconf 84' lang='lat' dir='ltr'><em>Ita-</em></span> 
     </span>
     <span class='ocr_line' id='line_1_5' title="bbox 354 559 1854 616; baseline 0.001 -12"><span class='ocrx_word' id='word_1_31' title='bbox 354 576 432 616; x_wconf 90' lang='lat' dir='ltr'><em>que</em></span> <span class='ocrx_word' id='word_1_32' title='bbox 451 560 570 614; x_wconf 83' lang='lat' dir='ltr'><em>felici</em></span> <span class='ocrx_word' id='word_1_33' title='bbox 599 575 699 603; x_wconf 84' lang='lat' dir='ltr'><em>casu</em></span> <span class='ocrx_word' id='word_1_34' title='bbox 727 559 911 614; x_wconf 79' lang='lat' dir='ltr'><em>contiqit,</em></span> <span class='ocrx_word' id='word_1_35' title='bbox 937 564 985 602; x_wconf 91' lang='lat' dir='ltr'><em>ut</em></span> <span class='ocrx_word' id='word_1_36' title='bbox 1004 560 1063 602; x_wconf 91' lang='lat' dir='ltr'><em>ad</em></span> <span class='ocrx_word' id='word_1_37' title='bbox 1086 563 1241 602; x_wconf 75' lang='lat' dir='ltr'><em>teoetum</em></span> <span class='ocrx_word' id='word_1_38' title='bbox 1262 561 1570 602; x_wconf 90' lang='lat' dir='ltr'><em>emendandum</em></span> <span class='ocrx_word' id='word_1_39' title='bbox 1594 574 1682 604; x_wconf 85' lang='lat' dir='ltr'><em>non</em></span> <span class='ocrx_word' id='word_1_40' title='bbox 1697 561 1854 616; x_wconf 76' lang='lat' dir='ltr'><em>paucis</em></span> 
     </span>
     <span class='ocr_line' id='line_1_6' title="bbox 355 618 1913 674; baseline 0.001 -11"><span class='ocrx_word' id='word_1_41' title='bbox 355 620 469 674; x_wconf 87' lang='lat' dir='ltr'><em>locis,</em></span> <span class='ocrx_word' id='word_1_42' title='bbox 501 619 575 662; x_wconf 88' lang='lat' dir='ltr'><em>ubi</em></span> <span class='ocrx_word' id='word_1_43' title='bbox 606 620 649 662; x_wconf 93' lang='lat' dir='ltr'><strong><em>A</em></strong></span> <span class='ocrx_word' id='word_1_44' title='bbox 670 624 691 662; x_wconf 91' lang='grc'>1</span> <span class='ocrx_word' id='word_1_45' title='bbox 725 619 887 672; x_wconf 84' lang='lat' dir='ltr'><em>defecit,</em></span> <span class='ocrx_word' id='word_1_46' title='bbox 921 618 1013 662; x_wconf 88' lang='lat' dir='ltr'><em>alia</em></span> <span class='ocrx_word' id='word_1_47' title='bbox 1042 618 1237 662; x_wconf 85' lang='lat' dir='ltr'><em>subsidia</em></span> <span class='ocrx_word' id='word_1_48' title='bbox 1268 618 1465 662; x_wconf 76' lang='lat' dir='ltr'><em>adhiberi</em></span> <span class='ocrx_word' id='word_1_49' title='bbox 1496 619 1650 664; x_wconf 90' lang='lat' dir='ltr'><em>liceret.</em></span> <span class='ocrx_word' id='word_1_50' title='bbox 1877 637 1913 668; x_wconf 69' lang='grc' dir='ltr'><em>ο,</em></span> 
     </span>
     <span class='ocr_line' id='line_1_7' title="bbox 497 678 1854 734; baseline 0.002 -13"><span class='ocrx_word' id='word_1_51' title='bbox 497 679 613 722; x_wconf 82' lang='lat' dir='ltr'><em>Aevo</em></span> <span class='ocrx_word' id='word_1_52' title='bbox 653 678 766 722; x_wconf 90' lang='lat' dir='ltr'><em>enim</em></span> <span class='ocrx_word' id='word_1_53' title='bbox 813 678 1082 733; x_wconf 75' lang='lat' dir='ltr'><em>Carolinyico</em></span> <span class='ocrx_word' id='word_1_54' title='bbox 1124 678 1231 721; x_wconf 88' lang='lat' dir='ltr'><em>liber</em></span> <span class='ocrx_word' id='word_1_55' title='bbox 1270 679 1407 722; x_wconf 89' lang='lat' dir='ltr'><em>Ionae</em></span> <span class='ocrx_word' id='word_1_56' title='bbox 1449 678 1499 722; x_wconf 89' lang='lat' dir='ltr'><em>in</em></span> <span class='ocrx_word' id='word_1_57' title='bbox 1538 679 1676 734; x_wconf 81' lang='lat' dir='ltr'><em>ipsius</em></span> <span class='ocrx_word' id='word_1_58' title='bbox 1714 679 1854 724; x_wconf 87' lang='lat' dir='ltr'><em>sancti</em></span> 
     </span>
     <span class='ocr_line' id='line_1_8' title="bbox 354 738 1856 795; baseline 0.001 -13"><span class='ocrx_word' id='word_1_59' title='bbox 354 738 609 782; x_wconf 87' lang='lat' dir='ltr'><em>monasterio</em></span> <span class='ocrx_word' id='word_1_60' title='bbox 641 754 670 781; x_wconf 90' lang='lat' dir='ltr'><em>a</em></span> <span class='ocrx_word' id='word_1_61' title='bbox 701 739 860 781; x_wconf 86' lang='lat' dir='ltr'><em>duobus</em></span> <span class='ocrx_word' id='word_1_62' title='bbox 890 738 1091 791; x_wconf 82' lang='lat' dir='ltr'><em>falsariis</em></span> <span class='ocrx_word' id='word_1_63' title='bbox 1126 742 1378 781; x_wconf 88' lang='lat' dir='ltr'><em>retractatus</em></span> <span class='ocrx_word' id='word_1_64' title='bbox 1408 743 1480 781; x_wconf 90' lang='lat' dir='ltr'><em>est.</em></span> <span class='ocrx_word' id='word_1_65' title='bbox 1541 739 1706 783; x_wconf 87' lang='lat' dir='ltr'><em>Auctor</em></span> <span class='ocrx_word' id='word_1_66' title='bbox 1728 739 1856 795; x_wconf 75' lang='lat' dir='ltr'><em>prior</em></span> 
     </span>
     <span class='ocr_line' id='line_1_9' title="bbox 354 797 1856 851; baseline 0.001 -10"><span class='ocrx_word' id='word_1_67' title='bbox 354 799 399 841; x_wconf 84' lang='lat' dir='ltr'><em>B</em></span> <span class='ocrx_word' id='word_1_68' title='bbox 429 813 517 841; x_wconf 90' lang='lat' dir='ltr'><em>non</em></span> <span class='ocrx_word' id='word_1_69' title='bbox 555 799 688 841; x_wconf 85' lang='lat' dir='ltr'><em>solum</em></span> <span class='ocrx_word' id='word_1_70' title='bbox 729 812 962 840; x_wconf 89' lang='lat' dir='ltr'><em>sermonem</em></span> <span class='ocrx_word' id='word_1_71' title='bbox 1009 797 1218 851; x_wconf 78' lang='lat' dir='ltr'><em>expolivit,</em></span> <span class='ocrx_word' id='word_1_72' title='bbox 1266 799 1341 840; x_wconf 88' lang='lat' dir='ltr'><em>sed</em></span> <span class='ocrx_word' id='word_1_73' title='bbox 1385 798 1510 840; x_wconf 85' lang='lat' dir='ltr'><em>etiam</em></span> <span class='ocrx_word' id='word_1_74' title='bbox 1558 798 1856 843; x_wconf 69' lang='lat' dir='ltr'><em>narrationem</em></span> 
     </span>
     <span class='ocr_line' id='line_1_10' title="bbox 354 857 2000 919; baseline 0.002 -18"><span class='ocrx_word' id='word_1_75' title='bbox 354 858 494 913; x_wconf 91' lang='lat' dir='ltr'><em>ipsam</em></span> <span class='ocrx_word' id='word_1_76' title='bbox 524 857 675 900; x_wconf 87' lang='lat' dir='ltr'><em>melius</em></span> <span class='ocrx_word' id='word_1_77' title='bbox 705 857 923 911; x_wconf 80' lang='lat' dir='ltr'><em>disposuit,</em></span> <span class='ocrx_word' id='word_1_78' title='bbox 955 857 1120 900; x_wconf 88' lang='lat' dir='ltr'><em>incerta</em></span> <span class='ocrx_word' id='word_1_79' title='bbox 1152 857 1460 911; x_wconf 63' lang='lat' dir='ltr'><em>determinavit,</em></span> <span class='ocrx_word' id='word_1_80' title='bbox 1494 858 1651 902; x_wconf 86' lang='lat' dir='ltr'><em>omissa</em></span> <span class='ocrx_word' id='word_1_81' title='bbox 1678 858 1855 914; x_wconf 79' lang='lat' dir='ltr'><em>proprio</em></span> <span class='ocrx_word' id='word_1_82' title='bbox 1998 891 2000 919; x_wconf 73' lang='lat'><em>3</em></span> 
     </span>
     <span class='ocr_line' id='line_1_11' title="bbox 356 916 1999 971; baseline 0.001 -11"><span class='ocrx_word' id='word_1_83' title='bbox 356 919 505 961; x_wconf 86' lang='lat' dir='ltr'><em>Marte</em></span> <span class='ocrx_word' id='word_1_84' title='bbox 530 918 734 960; x_wconf 89' lang='lat' dir='ltr'><em>audacter</em></span> <span class='ocrx_word' id='word_1_85' title='bbox 758 916 973 971; x_wconf 85' lang='lat' dir='ltr'><em>supplevit,</em></span> <span class='ocrx_word' id='word_1_86' title='bbox 1006 916 1099 959; x_wconf 88' lang='lat' dir='ltr'><em>alia</em></span> <span class='ocrx_word' id='word_1_87' title='bbox 1123 916 1316 971; x_wconf 88' lang='lat' dir='ltr'><em>abscidit,</em></span> <span class='ocrx_word' id='word_1_88' title='bbox 1342 917 1554 961; x_wconf 88' lang='lat' dir='ltr'><em>miracula</em></span> <span class='ocrx_word' id='word_1_89' title='bbox 1578 918 1666 961; x_wconf 89' lang='lat' dir='ltr'><em>tria</em></span> <span class='ocrx_word' id='word_1_90' title='bbox 1690 922 1856 963; x_wconf 76' lang='lat' dir='ltr'><em>tantum</em></span> <span class='ocrx_word' id='word_1_91' title='bbox 1880 935 1930 967; x_wconf 67' lang='lat' dir='ltr'><em>u&gt;¹</em></span> <span class='ocrx_word' id='word_1_92' title='bbox 1995 930 1999 968; x_wconf 49' lang='grc' dir='ltr'><em>ᾗ</em></span> 
     </span>
     <span class='ocr_line' id='line_1_12' title="bbox 356 976 1855 1032; baseline 0.001 -12"><span class='ocrx_word' id='word_1_93' title='bbox 356 977 594 1030; x_wconf 89' lang='lat' dir='ltr'><em>admittens,</em></span> <span class='ocrx_word' id='word_1_94' title='bbox 627 976 753 1031; x_wconf 89' lang='lat' dir='ltr'><em>idque</em></span> <span class='ocrx_word' id='word_1_95' title='bbox 785 978 844 1019; x_wconf 92' lang='lat' dir='ltr'><em>ad</em></span> <span class='ocrx_word' id='word_1_96' title='bbox 878 977 1076 1030; x_wconf 74' lang='lat' dir='ltr'><em>qenerale</em></span> <span class='ocrx_word' id='word_1_97' title='bbox 1108 977 1316 1030; x_wconf 79' lang='lat' dir='ltr'><em>quoddam</em></span> <span class='ocrx_word' id='word_1_98' title='bbox 1348 977 1690 1032; x_wconf 88' lang='lat' dir='ltr'><em>concludendum,</em></span> <span class='ocrx_word' id='word_1_99' title='bbox 1722 992 1855 1032; x_wconf 78' lang='lat' dir='ltr'><em>noque</em></span> 
     </span>
     <span class='ocr_line' id='line_1_13' title="bbox 355 1036 1855 1092; baseline 0.001 -13"><span class='ocrx_word' id='word_1_100' title='bbox 355 1038 471 1079; x_wconf 87' lang='lat' dir='ltr'><em>ultra</em></span> <span class='ocrx_word' id='word_1_101' title='bbox 502 1036 642 1079; x_wconf 89' lang='lat' dir='ltr'><em>sancti</em></span> <span class='ocrx_word' id='word_1_102' title='bbox 671 1040 843 1078; x_wconf 88' lang='lat' dir='ltr'><em>mortem</em></span> <span class='ocrx_word' id='word_1_103' title='bbox 874 1050 1129 1090; x_wconf 79' lang='lat' dir='ltr'><em>proqressus</em></span> <span class='ocrx_word' id='word_1_104' title='bbox 1160 1040 1243 1079; x_wconf 86' lang='lat' dir='ltr'><em>est:</em></span> <span class='ocrx_word' id='word_1_105' title='bbox 1281 1036 1502 1080; x_wconf 88' lang='lat' dir='ltr'><em>sordidam</em></span> <span class='ocrx_word' id='word_1_106' title='bbox 1540 1036 1675 1092; x_wconf 75' lang='lat' dir='ltr'><em>iyitur</em></span> <span class='ocrx_word' id='word_1_107' title='bbox 1704 1042 1855 1082; x_wconf 85' lang='lat' dir='ltr'><em>vestem</em></span> 
     </span>
     <span class='ocr_line' id='line_1_14' title="bbox 356 1095 1856 1150; baseline 0.001 -11"><span class='ocrx_word' id='word_1_108' title='bbox 356 1111 443 1139; x_wconf 92' lang='lat' dir='ltr'><em>non</em></span> <span class='ocrx_word' id='word_1_109' title='bbox 482 1096 575 1139; x_wconf 91' lang='lat' dir='ltr'><em>sine</em></span> <span class='ocrx_word' id='word_1_110' title='bbox 616 1100 707 1138; x_wconf 89' lang='lat' dir='ltr'><em>arte</em></span> <span class='ocrx_word' id='word_1_111' title='bbox 746 1096 932 1150; x_wconf 89' lang='lat' dir='ltr'><em>quadam</em></span> <span class='ocrx_word' id='word_1_112' title='bbox 969 1095 1295 1149; x_wconf 77' lang='lat' dir='ltr'><em>splendidiorem</em></span> <span class='ocrx_word' id='word_1_113' title='bbox 1326 1096 1524 1150; x_wconf 84' lang='lat' dir='ltr'><em>reddidit,</em></span> <span class='ocrx_word' id='word_1_114' title='bbox 1565 1097 1678 1140; x_wconf 77' lang='lat' dir='ltr'><em>hanc</em></span> <span class='ocrx_word' id='word_1_115' title='bbox 1716 1101 1856 1141; x_wconf 85' lang='lat' dir='ltr'><em>autem</em></span> 
     </span>
     <span class='ocr_line' id='line_1_15' title="bbox 355 1155 1856 1212; baseline 0.001 -13"><span class='ocrx_word' id='word_1_116' title='bbox 355 1161 403 1199; x_wconf 88' lang='lat' dir='ltr'><em>ut</em></span> <span class='ocrx_word' id='word_1_117' title='bbox 442 1156 758 1209; x_wconf 87' lang='lat' dir='ltr'><em>commendaret,</em></span> <span class='ocrx_word' id='word_1_118' title='bbox 806 1155 855 1197; x_wconf 95' lang='lat' dir='ltr'><em>in</em></span> <span class='ocrx_word' id='word_1_119' title='bbox 894 1155 1128 1209; x_wconf 86' lang='lat' dir='ltr'><em>impudenti</em></span> <span class='ocrx_word' id='word_1_120' title='bbox 1167 1156 1387 1199; x_wconf 88' lang='lat' dir='ltr'><em>mendacio</em></span> <span class='ocrx_word' id='word_1_121' title='bbox 1426 1156 1602 1211; x_wconf 85' lang='lat' dir='ltr'><em>delituit,</em></span> <span class='ocrx_word' id='word_1_122' title='bbox 1643 1171 1687 1200; x_wconf 87' lang='lat' dir='ltr'><em>se</em></span> <span class='ocrx_word' id='word_1_123' title='bbox 1716 1156 1856 1212; x_wconf 68' lang='lat' dir='ltr'><em>ipsimi</em></span> 
     </span>
    </p>
   </div>
   <div class='ocr_carea' id='block_1_3' title="bbox 355 1214 1987 1269">
    <p class='ocr_par' dir='ltr' id='par_1_3' title="bbox 355 1214 1987 1269">
     <span class='ocr_line' id='line_1_16' title="bbox 355 1214 1987 1269; baseline 0.002 -11"><span class='ocrx_word' id='word_1_124' title='bbox 355 1216 522 1258; x_wconf 87' lang='lat' dir='ltr'><em>saeculo</em></span> <span class='ocrx_word' id='word_1_125' title='bbox 548 1215 626 1268; x_wconf 86' lang='lat' dir='ltr'><em>VI,</em></span> <span class='ocrx_word' id='word_1_126' title='bbox 652 1215 824 1269; x_wconf 88' lang='lat' dir='ltr'><em>ideoque</em></span> <span class='ocrx_word' id='word_1_127' title='bbox 850 1219 947 1257; x_wconf 86' lang='lat' dir='ltr'><em>ante</em></span> <span class='ocrx_word' id='word_1_128' title='bbox 970 1215 1139 1269; x_wconf 86' lang='lat' dir='ltr'><em>Ionam,</em></span> <span class='ocrx_word' id='word_1_129' title='bbox 1165 1214 1323 1258; x_wconf 73' lang='lat' dir='ltr'><em>vixisse</em></span> <span class='ocrx_word' id='word_1_130' title='bbox 1344 1216 1579 1269; x_wconf 71' lang='lat' dir='ltr'><em>affirmans</em></span> <span class='ocrx_word' id='word_1_131' title='bbox 1602 1216 1671 1259; x_wconf 78' lang='lat' dir='ltr'><em>his</em></span> <span class='ocrx_word' id='word_1_132' title='bbox 1694 1217 1855 1260; x_wconf 79' lang='lat' dir='ltr'><em>verbis:</em></span> <span class='ocrx_word' id='word_1_133' title='bbox 1881 1233 1929 1260; x_wconf 73' lang='lat' dir='ltr'><em>1⁶v</em></span> <span class='ocrx_word' id='word_1_134' title='bbox 1979 1221 1987 1234; x_wconf 49' lang='lat'><em>‘¹</em></span> 
     </span>
    </p>
   </div>
   <div class='ocr_carea' id='block_1_4' title="bbox 350 1275 1999 2702">
    <p class='ocr_par' dir='ltr' id='par_1_4' title="bbox 350 1275 1999 2702">
     <span class='ocr_line' id='line_1_17' title="bbox 359 1275 1854 1331; baseline 0.001 -13"><span class='ocrx_word' id='word_1_135' title='bbox 359 1277 418 1318; x_wconf 70' lang='lat' dir='ltr'><em>Et</em></span> <span class='ocrx_word' id='word_1_136' title='bbox 455 1290 514 1318; x_wconf 82' lang='lat' dir='ltr'><em>ne</em></span> <span class='ocrx_word' id='word_1_137' title='bbox 555 1276 657 1331; x_wconf 81' lang='lat' dir='ltr'><em>quis</em></span> <span class='ocrx_word' id='word_1_138' title='bbox 704 1277 791 1318; x_wconf 82' lang='lat' dir='ltr'><em>hoc</em></span> <span class='ocrx_word' id='word_1_139' title='bbox 837 1275 1103 1318; x_wconf 84' lang='lat' dir='ltr'><em>fabulosum</em></span> <span class='ocrx_word' id='word_1_140' title='bbox 1149 1278 1285 1331; x_wconf 60' lang='lat' dir='ltr'><em>putet</em></span> <span class='ocrx_word' id='word_1_141' title='bbox 1332 1290 1429 1318; x_wconf 83' lang='lat' dir='ltr'><em>esse</em></span> <span class='ocrx_word' id='word_1_142' title='bbox 1476 1277 1599 1331; x_wconf 81' lang='lat' dir='ltr'><em>quod</em></span> <span class='ocrx_word' id='word_1_143' title='bbox 1645 1277 1854 1328; x_wconf 81' lang='lat' dir='ltr'><em>dicimus,</em></span> 
     </span>
     <span class='ocr_line' id='line_1_18' title="bbox 357 1335 1857 1393; baseline 0.002 -16"><span class='ocrx_word' id='word_1_144' title='bbox 357 1336 588 1378; x_wconf 56' lang='lat' dir='ltr'><em>referente</em></span> <span class='ocrx_word' id='word_1_145' title='bbox 609 1336 706 1378; x_wconf 85' lang='lat' dir='ltr'><em>viro</em></span> <span class='ocrx_word' id='word_1_146' title='bbox 728 1335 981 1378; x_wconf 84' lang='lat' dir='ltr'><em>venerabili</em></span> <span class='ocrx_word' id='word_1_147' title='bbox 1002 1335 1229 1391; x_wconf 86' lang='lat' dir='ltr'><em>Agripino</em></span> <span class='ocrx_word' id='word_1_148' title='bbox 1253 1336 1458 1384; x_wconf 73' lang='lat' dir='ltr'><em>diacono,</em></span> <span class='ocrx_word' id='word_1_149' title='bbox 1485 1336 1630 1392; x_wconf 82' lang='lat' dir='ltr'><em>ipsius</em></span> <span class='ocrx_word' id='word_1_150' title='bbox 1650 1336 1857 1393; x_wconf 74' lang='lat' dir='ltr'><em>Agrestii</em></span> 
     </span>
     <span class='ocr_line' id='line_1_19' title="bbox 358 1393 1860 1450; baseline 0.002 -14"><span class='ocrx_word' id='word_1_151' title='bbox 358 1395 468 1445; x_wconf 80' lang='lat' dir='ltr'><em>filio,</em></span> <span class='ocrx_word' id='word_1_152' title='bbox 518 1395 856 1450; x_wconf 80' lang='lat' dir='ltr'><em>eognovimus².</em></span> <span class='ocrx_word' id='word_1_153' title='bbox 941 1393 1045 1437; x_wconf 84' lang='lat' dir='ltr'><em>Cum</em></span> <span class='ocrx_word' id='word_1_154' title='bbox 1096 1394 1375 1448; x_wconf 81' lang='lat' dir='ltr'><em>interpolator</em></span> <span class='ocrx_word' id='word_1_155' title='bbox 1427 1395 1648 1450; x_wconf 73' lang='lat' dir='ltr'><em>Greyorii,</em></span> <span class='ocrx_word' id='word_1_156' title='bbox 1701 1395 1860 1440; x_wconf 84' lang='lat' dir='ltr'><em>scilicet</em></span> 
     </span>
     <span class='ocr_line' id='line_1_20' title="bbox 359 1453 1858 1509; baseline 0.002 -13"><span class='ocrx_word' id='word_1_157' title='bbox 359 1453 567 1497; x_wconf 91' lang='lat' dir='ltr'><em>librarius</em></span> <span class='ocrx_word' id='word_1_158' title='bbox 597 1453 752 1497; x_wconf 88' lang='lat' dir='ltr'><em>codicis</em></span> <span class='ocrx_word' id='word_1_159' title='bbox 771 1453 1011 1496; x_wconf 87' lang='lat' dir='ltr'><em>Bernensis</em></span> <span class='ocrx_word' id='word_1_160' title='bbox 1041 1468 1084 1496; x_wconf 89' lang='lat' dir='ltr'><em>n.</em></span> <span class='ocrx_word' id='word_1_161' title='bbox 1111 1458 1208 1507; x_wconf 82' lang='lat'><em>199,</em></span> <span class='ocrx_word' id='word_1_162' title='bbox 1241 1469 1347 1497; x_wconf 87' lang='lat' dir='ltr'><em>saec.</em></span> <span class='ocrx_word' id='word_1_163' title='bbox 1371 1455 1453 1497; x_wconf 91' lang='lat' dir='ltr'><em>IX</em></span> <span class='ocrx_word' id='word_1_164' title='bbox 1464 1455 1491 1508; x_wconf 82' lang='lat'><em>3,</em></span> <span class='ocrx_word' id='word_1_165' title='bbox 1526 1454 1665 1498; x_wconf 87' lang='lat' dir='ltr'><em>Vitam</em></span> <span class='ocrx_word' id='word_1_166' title='bbox 1695 1455 1858 1509; x_wconf 77' lang='lat' dir='ltr'><em>falsam</em></span> 
     </span>
     <span class='ocr_line' id='line_1_21' title="bbox 358 1513 1920 1568; baseline 0.002 -13"><span class='ocrx_word' id='word_1_167' title='bbox 358 1513 446 1556; x_wconf 88' lang='lat' dir='ltr'><em>iam</em></span> <span class='ocrx_word' id='word_1_168' title='bbox 487 1513 645 1566; x_wconf 76' lang='lat' dir='ltr'><em>leqerit,</em></span> <span class='ocrx_word' id='word_1_169' title='bbox 687 1513 917 1556; x_wconf 83' lang='lat' dir='ltr'><em>verisimile</em></span> <span class='ocrx_word' id='word_1_170' title='bbox 956 1517 1027 1567; x_wconf 90' lang='lat' dir='ltr'><em>est,</em></span> <span class='ocrx_word' id='word_1_171' title='bbox 1071 1515 1131 1556; x_wconf 91' lang='lat' dir='ltr'><em>ad</em></span> <span class='ocrx_word' id='word_1_172' title='bbox 1166 1513 1313 1557; x_wconf 86' lang='lat' dir='ltr'><em>Caroli</em></span> <span class='ocrx_word' id='word_1_173' title='bbox 1344 1514 1405 1556; x_wconf 86' lang='lat' dir='ltr'><em>M</em></span> <span class='ocrx_word' id='word_1_174' title='bbox 1402 1514 1506 1568; x_wconf 74' lang='lat' dir='ltr'><em>ayni</em></span> <span class='ocrx_word' id='word_1_175' title='bbox 1549 1529 1698 1558; x_wconf 83' lang='lat' dir='ltr'><em>aevum</em></span> <span class='ocrx_word' id='word_1_176' title='bbox 1728 1515 1857 1558; x_wconf 82' lang='lat' dir='ltr'><em>elocu-</em></span> <span class='ocrx_word' id='word_1_177' title='bbox 1881 1532 1920 1558; x_wconf 59' lang='grc' dir='ltr'><em>κο</em></span> 
     </span>
     <span class='ocr_line' id='line_1_22' title="bbox 360 1572 1936 1630; baseline 0.002 -15"><span class='ocrx_word' id='word_1_178' title='bbox 360 1572 488 1615; x_wconf 90' lang='lat' dir='ltr'><em>tionis</em></span> <span class='ocrx_word' id='word_1_179' title='bbox 517 1573 770 1626; x_wconf 73' lang='lat' dir='ltr'><em>facilitatem</em></span> <span class='ocrx_word' id='word_1_180' title='bbox 801 1573 1070 1625; x_wconf 78' lang='lat' dir='ltr'><em>referendam</em></span> <span class='ocrx_word' id='word_1_181' title='bbox 1102 1588 1200 1616; x_wconf 88' lang='lat' dir='ltr'><em>esse.</em></span> <span class='ocrx_word' id='word_1_182' title='bbox 1255 1574 1402 1627; x_wconf 88' lang='lat' dir='ltr'><em>Neque</em></span> <span class='ocrx_word' id='word_1_183' title='bbox 1432 1575 1561 1616; x_wconf 88' lang='lat' dir='ltr'><em>multo</em></span> <span class='ocrx_word' id='word_1_184' title='bbox 1582 1578 1683 1630; x_wconf 83' lang='lat' dir='ltr'><em>post</em></span> <span class='ocrx_word' id='word_1_185' title='bbox 1711 1579 1858 1619; x_wconf 69' lang='lat' dir='ltr'><em>ductor</em></span> <span class='ocrx_word' id='word_1_186' title='bbox 1933 1572 1936 1575; x_wconf 69' lang='grc'><strong>’</strong></span> 
     </span>
     <span class='ocr_line' id='line_1_23' title="bbox 367 1632 1856 1688; baseline 0.001 -12"><span class='ocrx_word' id='word_1_187' title='bbox 367 1632 411 1686; x_wconf 81' lang='lat' dir='ltr'><em>C,</em></span> <span class='ocrx_word' id='word_1_188' title='bbox 437 1633 653 1686; x_wconf 77' lang='lat' dir='ltr'><em>permulta</em></span> <span class='ocrx_word' id='word_1_189' title='bbox 683 1632 896 1675; x_wconf 86' lang='lat' dir='ltr'><em>miracula</em></span> <span class='ocrx_word' id='word_1_190' title='bbox 926 1633 976 1675; x_wconf 93' lang='lat' dir='ltr'><em>in</em></span> <span class='ocrx_word' id='word_1_191' title='bbox 1006 1632 1051 1674; x_wconf 82' lang='lat' dir='ltr'><strong><em>B</em></strong></span> <span class='ocrx_word' id='word_1_192' title='bbox 1083 1632 1239 1676; x_wconf 90' lang='lat' dir='ltr'><em>omissa</em></span> <span class='ocrx_word' id='word_1_193' title='bbox 1270 1647 1356 1676; x_wconf 86' lang='lat' dir='ltr'><em>esse</em></span> <span class='ocrx_word' id='word_1_194' title='bbox 1387 1648 1511 1688; x_wconf 75' lang='lat' dir='ltr'><em>aeqre</em></span> <span class='ocrx_word' id='word_1_195' title='bbox 1541 1634 1698 1688; x_wconf 78' lang='lat' dir='ltr'><em>ferens,</em></span> <span class='ocrx_word' id='word_1_196' title='bbox 1730 1648 1783 1678; x_wconf 75' lang='lat' dir='ltr'><em>ex</em></span> <span class='ocrx_word' id='word_1_197' title='bbox 1811 1634 1856 1677; x_wconf 87' lang='lat' dir='ltr'><strong><em>A</em></strong></span> 
     </span>
     <span class='ocr_line' id='line_1_24' title="bbox 359 1691 1858 1737; baseline 0.001 -2"><span class='ocrx_word' id='word_1_198' title='bbox 359 1696 398 1735; x_wconf 87' lang='lat' dir='ltr'><em>et</em></span> <span class='ocrx_word' id='word_1_199' title='bbox 437 1691 481 1734; x_wconf 88' lang='grc' dir='ltr'><em>Β</em></span> <span class='ocrx_word' id='word_1_200' title='bbox 521 1692 689 1734; x_wconf 85' lang='lat' dir='ltr'><em>tertiam</em></span> <span class='ocrx_word' id='word_1_201' title='bbox 729 1692 870 1734; x_wconf 87' lang='lat' dir='ltr'><em>Vitam</em></span> <span class='ocrx_word' id='word_1_202' title='bbox 911 1692 1133 1735; x_wconf 77' lang='lat' dir='ltr'><em>conseruit.</em></span> <span class='ocrx_word' id='word_1_203' title='bbox 1196 1692 1436 1736; x_wconf 87' lang='lat' dir='ltr'><em>Materiam</em></span> <span class='ocrx_word' id='word_1_204' title='bbox 1481 1693 1531 1736; x_wconf 92' lang='lat' dir='ltr'><em>in</em></span> <span class='ocrx_word' id='word_1_205' title='bbox 1577 1695 1681 1737; x_wconf 88' lang='lat' dir='ltr'><em>duos</em></span> <span class='ocrx_word' id='word_1_206' title='bbox 1726 1693 1858 1737; x_wconf 88' lang='lat' dir='ltr'><em>libros</em></span> 
     </span>
     <span class='ocr_line' id='line_1_25' title="bbox 360 1751 1991 1810; baseline 0.002 -17"><span class='ocrx_word' id='word_1_207' title='bbox 360 1751 588 1805; x_wconf 83' lang='lat' dir='ltr'><em>distribuit,</em></span> <span class='ocrx_word' id='word_1_208' title='bbox 620 1751 684 1794; x_wconf 88' lang='lat' dir='ltr'><em>ita</em></span> <span class='ocrx_word' id='word_1_209' title='bbox 714 1756 762 1793; x_wconf 85' lang='lat' dir='ltr'><em>ut</em></span> <span class='ocrx_word' id='word_1_210' title='bbox 782 1751 974 1805; x_wconf 82' lang='lat' dir='ltr'><em>priorem</em></span> <span class='ocrx_word' id='word_1_211' title='bbox 1005 1756 1140 1795; x_wconf 74' lang='lat' dir='ltr'><em>textus</em></span> <span class='ocrx_word' id='word_1_212' title='bbox 1169 1752 1215 1794; x_wconf 89' lang='lat' dir='ltr'><strong><em>B</em></strong></span> <span class='ocrx_word' id='word_1_213' title='bbox 1246 1767 1339 1795; x_wconf 90' lang='lat' dir='ltr'><em>cum</em></span> <span class='ocrx_word' id='word_1_214' title='bbox 1370 1754 1530 1796; x_wconf 87' lang='lat' dir='ltr'><em>duobus</em></span> <span class='ocrx_word' id='word_1_215' title='bbox 1559 1753 1783 1797; x_wconf 84' lang='lat' dir='ltr'><em>miraculis</em></span> <span class='ocrx_word' id='word_1_216' title='bbox 1812 1753 1856 1796; x_wconf 93' lang='lat' dir='ltr'><strong><em>A</em></strong></span> <span class='ocrx_word' id='word_1_217' title='bbox 1972 1806 1991 1810; x_wconf 12' lang='lat' dir='ltr'>V</span> 
     </span>
     <span class='ocr_line' id='line_1_26' title="bbox 358 1810 1919 1868; baseline 0.002 -15"><span class='ocrx_word' id='word_1_218' title='bbox 358 1825 434 1853; x_wconf 88' lang='lat' dir='ltr'><em>suo</em></span> <span class='ocrx_word' id='word_1_219' title='bbox 475 1812 560 1854; x_wconf 86' lang='lat' dir='ltr'><em>loco</em></span> <span class='ocrx_word' id='word_1_220' title='bbox 599 1810 785 1864; x_wconf 91' lang='lat' dir='ltr'><em>insertis,</em></span> <span class='ocrx_word' id='word_1_221' title='bbox 821 1811 1098 1865; x_wconf 83' lang='lat' dir='ltr'><em>posteriorem</em></span> <span class='ocrx_word' id='word_1_222' title='bbox 1139 1816 1277 1854; x_wconf 88' lang='lat' dir='ltr'><em>autem</em></span> <span class='ocrx_word' id='word_1_223' title='bbox 1317 1813 1361 1854; x_wconf 90' lang='lat' dir='ltr'><strong><em>A</em></strong></span> <span class='ocrx_word' id='word_1_224' title='bbox 1401 1817 1634 1868; x_wconf 86' lang='lat' dir='ltr'><em>occuparet.</em></span> <span class='ocrx_word' id='word_1_225' title='bbox 1697 1813 1858 1856; x_wconf 86' lang='lat' dir='ltr'><em>Fontes</em></span> <span class='ocrx_word' id='word_1_226' title='bbox 1881 1829 1919 1856; x_wconf 71' lang='grc' dir='ltr'><em>ετ»</em></span> 
     </span>
     <span class='ocr_line' id='line_1_27' title="bbox 360 1870 1937 1928; baseline 0.003 -16"><span class='ocrx_word' id='word_1_227' title='bbox 360 1870 605 1924; x_wconf 84' lang='lat' dir='ltr'><em>compilator</em></span> <span class='ocrx_word' id='word_1_228' title='bbox 644 1871 735 1923; x_wconf 82' lang='lat' dir='ltr'><em>fere</em></span> <span class='ocrx_word' id='word_1_229' title='bbox 772 1872 831 1913; x_wconf 90' lang='lat' dir='ltr'><em>ad</em></span> <span class='ocrx_word' id='word_1_230' title='bbox 868 1871 1038 1913; x_wconf 85' lang='lat' dir='ltr'><em>verbum</em></span> <span class='ocrx_word' id='word_1_231' title='bbox 1078 1871 1301 1926; x_wconf 75' lang='lat' dir='ltr'><em>exscripsit</em></span> <span class='ocrx_word' id='word_1_232' title='bbox 1339 1872 1403 1914; x_wconf 80' lang='lat' dir='ltr'><em>vel</em></span> <span class='ocrx_word' id='word_1_233' title='bbox 1442 1872 1584 1915; x_wconf 88' lang='lat' dir='ltr'><em>Vitam</em></span> <span class='ocrx_word' id='word_1_234' title='bbox 1615 1873 1670 1927; x_wconf 91' lang='lat' dir='ltr'><em>A,</em></span> <span class='ocrx_word' id='word_1_235' title='bbox 1713 1887 1742 1915; x_wconf 94' lang='lat' dir='ltr'><em>a</em></span> <span class='ocrx_word' id='word_1_236' title='bbox 1771 1887 1857 1928; x_wconf 84' lang='lat' dir='ltr'><em>qua</em></span> <span class='ocrx_word' id='word_1_237' title='bbox 1935 1882 1937 1885; x_wconf 84' lang='grc'><strong>“</strong></span> 
     </span>
     <span class='ocr_line' id='line_1_28' title="bbox 359 1930 1859 1988; baseline 0.003 -16"><span class='ocrx_word' id='word_1_238' title='bbox 359 1932 634 1973; x_wconf 87' lang='lat' dir='ltr'><em>retractanda</em></span> <span class='ocrx_word' id='word_1_239' title='bbox 665 1945 762 1972; x_wconf 72' lang='lat' dir='ltr'><em>mox</em></span> <span class='ocrx_word' id='word_1_240' title='bbox 793 1930 1020 1984; x_wconf 84' lang='lat' dir='ltr'><em>destiterat,</em></span> <span class='ocrx_word' id='word_1_241' title='bbox 1054 1932 1127 1973; x_wconf 87' lang='lat' dir='ltr'><em>sed</em></span> <span class='ocrx_word' id='word_1_242' title='bbox 1157 1932 1266 1974; x_wconf 87' lang='lat' dir='ltr'><em>locos</em></span> <span class='ocrx_word' id='word_1_243' title='bbox 1296 1931 1552 1975; x_wconf 79' lang='lat' dir='ltr'><em>homileticos</em></span> <span class='ocrx_word' id='word_1_244' title='bbox 1578 1933 1623 1974; x_wconf 85' lang='lat' dir='ltr'><em>B</em></span> <span class='ocrx_word' id='word_1_245' title='bbox 1652 1931 1859 1988; x_wconf 73' lang='lat' dir='ltr'><em>expunoeit</em></span> 
     </span>
     <span class='ocr_line' id='line_1_29' title="bbox 359 1989 1856 2048; baseline 0.003 -17"><span class='ocrx_word' id='word_1_246' title='bbox 359 1990 529 2043; x_wconf 87' lang='lat' dir='ltr'><em>aliaque</em></span> <span class='ocrx_word' id='word_1_247' title='bbox 561 1989 730 2032; x_wconf 87' lang='lat' dir='ltr'><em>addidit</em></span> <span class='ocrx_word' id='word_1_248' title='bbox 758 1989 1001 2044; x_wconf 88' lang='lat' dir='ltr'><em>incertaque</em></span> <span class='ocrx_word' id='word_1_249' title='bbox 1032 1994 1071 2033; x_wconf 90' lang='lat' dir='ltr'><em>et</em></span> <span class='ocrx_word' id='word_1_250' title='bbox 1099 1990 1190 2044; x_wconf 85' lang='lat' dir='ltr'><em>ipse</em></span> <span class='ocrx_word' id='word_1_251' title='bbox 1221 1991 1529 2034; x_wconf 86' lang='lat' dir='ltr'><em>determinavit</em></span> <span class='ocrx_word' id='word_1_252' title='bbox 1591 1992 1660 2035; x_wconf 89' lang='lat' dir='ltr'><em>De</em></span> <span class='ocrx_word' id='word_1_253' title='bbox 1691 1991 1856 2048; x_wconf 77' lang='lat' dir='ltr'><em>oriyine</em></span> 
     </span>
     <span class='ocr_line' id='line_1_30' title="bbox 359 2049 1999 2116; baseline 0.003 -25"><span class='ocrx_word' id='word_1_254' title='bbox 359 2053 496 2092; x_wconf 90' lang='lat' dir='ltr'><em>autem</em></span> <span class='ocrx_word' id='word_1_255' title='bbox 528 2049 716 2103; x_wconf 88' lang='lat' dir='ltr'><em>opusculi</em></span> <span class='ocrx_word' id='word_1_256' title='bbox 746 2049 814 2091; x_wconf 89' lang='lat' dir='ltr'><em>sui</em></span> <span class='ocrx_word' id='word_1_257' title='bbox 844 2050 1073 2092; x_wconf 87' lang='lat' dir='ltr'><em>decessoris</em></span> <span class='ocrx_word' id='word_1_258' title='bbox 1096 2050 1275 2104; x_wconf 79' lang='lat' dir='ltr'><em>vestiqia</em></span> <span class='ocrx_word' id='word_1_259' title='bbox 1299 2055 1462 2094; x_wconf 80' lang='lat' dir='ltr'><em>secutus</em></span> <span class='ocrx_word' id='word_1_260' title='bbox 1484 2051 1549 2094; x_wconf 85' lang='lat' dir='ltr'><em>vel</em></span> <span class='ocrx_word' id='word_1_261' title='bbox 1571 2051 1857 2106; x_wconf 77' lang='lat' dir='ltr'><em>impudentius</em></span> <span class='ocrx_word' id='word_1_262' title='bbox 1996 2103 1999 2116; x_wconf 33' lang='lat' dir='ltr'><em>A</em></span> 
     </span>
     <span class='ocr_line' id='line_1_31' title="bbox 357 2108 1998 2167; baseline 0.003 -17"><span class='ocrx_word' id='word_1_263' title='bbox 357 2108 556 2151; x_wconf 88' lang='lat' dir='ltr'><em>mentitus</em></span> <span class='ocrx_word' id='word_1_264' title='bbox 587 2113 658 2152; x_wconf 89' lang='lat' dir='ltr'><em>est.</em></span> <span class='ocrx_word' id='word_1_265' title='bbox 718 2109 943 2152; x_wconf 79' lang='lat' dir='ltr'><em>Contendit</em></span> <span class='ocrx_word' id='word_1_266' title='bbox 972 2109 1097 2163; x_wconf 89' lang='lat' dir='ltr'><em>enim,</em></span> <span class='ocrx_word' id='word_1_267' title='bbox 1131 2124 1199 2153; x_wconf 88' lang='lat' dir='ltr'><em>res</em></span> <span class='ocrx_word' id='word_1_268' title='bbox 1224 2126 1251 2153; x_wconf 91' lang='lat' dir='ltr'><em>a</em></span> <span class='ocrx_word' id='word_1_269' title='bbox 1276 2111 1473 2154; x_wconf 78' lang='lat' dir='ltr'><em>Iohanne</em></span> <span class='ocrx_word' id='word_1_270' title='bbox 1501 2115 1642 2166; x_wconf 55' lang='lat' dir='ltr'><em>,qestas</em></span> <span class='ocrx_word' id='word_1_271' title='bbox 1663 2111 1857 2166; x_wconf 85' lang='lat' dir='ltr'><em>primum</em></span> <span class='ocrx_word' id='word_1_272' title='bbox 1882 2128 1922 2154; x_wconf 73' lang='lat' dir='ltr'><em>so</em></span> <span class='ocrx_word' id='word_1_273' title='bbox 1978 2127 1998 2167; x_wconf 54' lang='grc' dir='ltr'><em>ᾳ·</em></span> 
     </span>
     <span class='ocr_line' id='line_1_32' title="bbox 358 2167 1997 2226; baseline 0.003 -16"><span class='ocrx_word' id='word_1_274' title='bbox 358 2183 401 2211; x_wconf 86' lang='grc'><em>36</em></span> <span class='ocrx_word' id='word_1_275' title='bbox 432 2168 714 2223; x_wconf 87' lang='lat' dir='ltr'><em>descripsisse,</em></span> <span class='ocrx_word' id='word_1_276' title='bbox 750 2167 836 2222; x_wconf 82' lang='lat' dir='ltr'><em>‘qui</em></span> <span class='ocrx_word' id='word_1_277' title='bbox 876 2169 998 2212; x_wconf 90' lang='lat' dir='ltr'><em>illum</em></span> <span class='ocrx_word' id='word_1_278' title='bbox 1029 2184 1152 2223; x_wconf 88' lang='lat' dir='ltr'><em>saepe</em></span> <span class='ocrx_word' id='word_1_279' title='bbox 1191 2170 1396 2213; x_wconf 80' lang='lat' dir='ltr'><em>vidissent</em></span> <span class='ocrx_word' id='word_1_280' title='bbox 1425 2170 1615 2214; x_wconf 81' lang='lat' dir='ltr'><em>vivorum</em></span> <span class='ocrx_word' id='word_1_281' title='bbox 1646 2184 1698 2214; x_wconf 85' lang='lat' dir='ltr'><em>ac</em></span> <span class='ocrx_word' id='word_1_282' title='bbox 1727 2182 1855 2226; x_wconf 77' lang='lat' dir='ltr'><em>prae-</em></span> <span class='ocrx_word' id='word_1_283' title='bbox 1978 2178 1997 2189; x_wconf 77' lang='grc'>’</span> 
     </span>
     <span class='ocr_line' id='line_1_33' title="bbox 358 2227 1857 2286; baseline 0.004 -17"><span class='ocrx_word' id='word_1_284' title='bbox 358 2227 540 2270; x_wconf 90' lang='lat' dir='ltr'><em>sentium</em></span> <span class='ocrx_word' id='word_1_285' title='bbox 570 2228 773 2270; x_wconf 85' lang='lat' dir='ltr'><em>memoria</em></span> <span class='ocrx_word' id='word_1_286' title='bbox 804 2228 913 2271; x_wconf 87' lang='lat' dir='ltr'><em>teste’</em></span> <span class='ocrx_word' id='word_1_287' title='bbox 927 2229 955 2281; x_wconf 81' lang='lat'><em>4,</em></span> <span class='ocrx_word' id='word_1_288' title='bbox 997 2229 1330 2284; x_wconf 91' lang='lat' dir='ltr'><em>miraculumque</em></span> <span class='ocrx_word' id='word_1_289' title='bbox 1366 2231 1478 2284; x_wconf 91' lang='lat' dir='ltr'><em>quod</em></span> <span class='ocrx_word' id='word_1_290' title='bbox 1505 2229 1598 2286; x_wconf 85' lang='lat' dir='ltr'><em>ipse</em></span> <span class='ocrx_word' id='word_1_291' title='bbox 1628 2230 1799 2274; x_wconf 87' lang='lat' dir='ltr'><em>addidit</em></span> <span class='ocrx_word' id='word_1_292' title='bbox 1827 2246 1857 2275; x_wconf 91' lang='lat' dir='ltr'><em>a</em></span> 
     </span>
     <span class='ocr_line' id='line_1_34' title="bbox 357 2287 1861 2345; baseline 0.003 -16"><span class='ocrx_word' id='word_1_293' title='bbox 357 2292 503 2330; x_wconf 86' lang='lat' dir='ltr'><em>sancto</em></span> <span class='ocrx_word' id='word_1_294' title='bbox 548 2287 631 2330; x_wconf 89' lang='lat' dir='ltr'><em>sibi</em></span> <span class='ocrx_word' id='word_1_295' title='bbox 679 2287 863 2342; x_wconf 84' lang='lat' dir='ltr'><em>‘proprio</em></span> <span class='ocrx_word' id='word_1_296' title='bbox 914 2289 1116 2331; x_wconf 89' lang='lat' dir='ltr'><em>sermone’</em></span> <span class='ocrx_word' id='word_1_297' title='bbox 1131 2289 1147 2315; x_wconf 83' lang='lat'>⁵</span> <span class='ocrx_word' id='word_1_298' title='bbox 1197 2294 1447 2333; x_wconf 88' lang='lat' dir='ltr'><em>enarratum</em></span> <span class='ocrx_word' id='word_1_299' title='bbox 1498 2305 1596 2345; x_wconf 87' lang='lat' dir='ltr'><em>esse,</em></span> <span class='ocrx_word' id='word_1_300' title='bbox 1649 2294 1861 2345; x_wconf 82' lang='lat' dir='ltr'><em>totumque</em></span> 
     </span>
     <span class='ocr_line' id='line_1_35' title="bbox 358 2347 1856 2401; baseline 0.004 -13"><span class='ocrx_word' id='word_1_301' title='bbox 358 2347 537 2389; x_wconf 90' lang='lat' dir='ltr'><em>alterum</em></span> <span class='ocrx_word' id='word_1_302' title='bbox 577 2347 731 2390; x_wconf 90' lang='lat' dir='ltr'><em>librum</em></span> <span class='ocrx_word' id='word_1_303' title='bbox 773 2349 826 2390; x_wconf 91' lang='lat' dir='ltr'><em>ab</em></span> <span class='ocrx_word' id='word_1_304' title='bbox 867 2347 958 2390; x_wconf 88' lang='lat' dir='ltr'><em>eius</em></span> <span class='ocrx_word' id='word_1_305' title='bbox 997 2348 1160 2401; x_wconf 82' lang='lat' dir='ltr'><em>famulo</em></span> <span class='ocrx_word' id='word_1_306' title='bbox 1191 2349 1325 2392; x_wconf 92' lang='lat' dir='ltr'><em>Laeto</em></span> <span class='ocrx_word' id='word_1_307' title='bbox 1364 2349 1555 2393; x_wconf 90' lang='lat' dir='ltr'><em>diacono.</em></span> <span class='ocrx_word' id='word_1_308' title='bbox 1618 2349 1856 2394; x_wconf 83' lang='lat' dir='ltr'><em>Mendaoia</em></span> 
     </span>
     <span class='ocr_line' id='line_1_36' title="bbox 358 2406 1920 2465; baseline 0.003 -17"><span class='ocrx_word' id='word_1_309' title='bbox 358 2421 438 2449; x_wconf 88' lang='lat' dir='ltr'><em>sua</em></span> <span class='ocrx_word' id='word_1_310' title='bbox 469 2406 558 2460; x_wconf 85' lang='lat' dir='ltr'><em>ipse</em></span> <span class='ocrx_word' id='word_1_311' title='bbox 589 2407 811 2461; x_wconf 77' lang='lat' dir='ltr'><em>redarquit</em></span> <span class='ocrx_word' id='word_1_312' title='bbox 849 2407 969 2449; x_wconf 79' lang='lat' dir='ltr'><em>homo</em></span> <span class='ocrx_word' id='word_1_313' title='bbox 1010 2408 1198 2462; x_wconf 87' lang='lat' dir='ltr'><em>stolidus,</em></span> <span class='ocrx_word' id='word_1_314' title='bbox 1241 2409 1442 2463; x_wconf 88' lang='lat' dir='ltr'><em>proprios</em></span> <span class='ocrx_word' id='word_1_315' title='bbox 1483 2410 1619 2453; x_wconf 85' lang='lat' dir='ltr'><em>Ionae</em></span> <span class='ocrx_word' id='word_1_316' title='bbox 1657 2410 1857 2465; x_wconf 74' lang='lat' dir='ltr'><em>proloyos</em></span> <span class='ocrx_word' id='word_1_317' title='bbox 1881 2425 1920 2453; x_wconf 70' lang='lat' dir='ltr'><em>as</em></span> 
     </span>
     <span class='ocr_line' id='line_1_37' title="bbox 350 2465 1941 2524; baseline 0.003 -17"><span class='ocrx_word' id='word_1_318' title='bbox 350 2465 644 2520; x_wconf 87' lang='lat' dir='ltr'><em>praemittens,</em></span> <span class='ocrx_word' id='word_1_319' title='bbox 676 2467 788 2509; x_wconf 90' lang='lat' dir='ltr'><em>unde</em></span> <span class='ocrx_word' id='word_1_320' title='bbox 819 2471 858 2509; x_wconf 89' lang='lat' dir='ltr'><em>et</em></span> <span class='ocrx_word' id='word_1_321' title='bbox 882 2471 1040 2521; x_wconf 90' lang='lat' dir='ltr'><em>tempus</em></span> <span class='ocrx_word' id='word_1_322' title='bbox 1064 2472 1104 2510; x_wconf 85' lang='lat' dir='ltr'><em>et</em></span> <span class='ocrx_word' id='word_1_323' title='bbox 1126 2482 1277 2511; x_wconf 92' lang='lat' dir='ltr'><em>nomen</em></span> <span class='ocrx_word' id='word_1_324' title='bbox 1303 2468 1394 2511; x_wconf 81' lang='lat' dir='ltr'><em>veri</em></span> <span class='ocrx_word' id='word_1_325' title='bbox 1418 2468 1605 2512; x_wconf 86' lang='lat' dir='ltr'><em>auctoris</em></span> <span class='ocrx_word' id='word_1_326' title='bbox 1629 2469 1859 2524; x_wconf 52' lang='lat' dir='ltr'><em>colliyitur,</em></span> <span class='ocrx_word' id='word_1_327' title='bbox 1938 2476 1941 2477; x_wconf 72' lang='grc'>’</span> 
     </span>
     <span class='ocr_line' id='line_1_38' title="bbox 358 2525 1859 2583; baseline 0.004 -17"><span class='ocrx_word' id='word_1_328' title='bbox 358 2525 417 2567; x_wconf 91' lang='lat' dir='ltr'><em>In</em></span> <span class='ocrx_word' id='word_1_329' title='bbox 447 2525 594 2567; x_wconf 89' lang='lat' dir='ltr'><em>ultimo</em></span> <span class='ocrx_word' id='word_1_330' title='bbox 621 2525 738 2568; x_wconf 89' lang='lat' dir='ltr'><em>Vitae</em></span> <span class='ocrx_word' id='word_1_331' title='bbox 770 2526 914 2580; x_wconf 85' lang='lat' dir='ltr'><em>capite,</em></span> <span class='ocrx_word' id='word_1_332' title='bbox 953 2528 1066 2580; x_wconf 91' lang='lat' dir='ltr'><em>quod</em></span> <span class='ocrx_word' id='word_1_333' title='bbox 1095 2529 1155 2570; x_wconf 86' lang='lat' dir='ltr'><em>ad</em></span> <span class='ocrx_word' id='word_1_334' title='bbox 1185 2528 1434 2571; x_wconf 79' lang='lat' dir='ltr'><em>Silvestrum</em></span> <span class='ocrx_word' id='word_1_335' title='bbox 1467 2529 1656 2572; x_wconf 88' lang='lat' dir='ltr'><em>abbatem</em></span> <span class='ocrx_word' id='word_1_336' title='bbox 1685 2532 1859 2583; x_wconf 79' lang='lat' dir='ltr'><em>spectat,</em></span> 
     </span>
     <span class='ocr_line' id='line_1_39' title="bbox 358 2585 1860 2643; baseline 0.003 -17"><span class='ocrx_word' id='word_1_337' title='bbox 358 2585 592 2627; x_wconf 85' lang='lat' dir='ltr'><em>Fortunati</em></span> <span class='ocrx_word' id='word_1_338' title='bbox 623 2586 671 2628; x_wconf 91' lang='lat' dir='ltr'><em>V.</em></span> <span class='ocrx_word' id='word_1_339' title='bbox 711 2585 920 2628; x_wconf 80' lang='lat' dir='ltr'><em>Germani</em></span> <span class='ocrx_word' id='word_1_340' title='bbox 966 2601 999 2628; x_wconf 88' lang='lat' dir='ltr'><em>c.</em></span> <span class='ocrx_word' id='word_1_341' title='bbox 1034 2591 1104 2628; x_wconf 88' lang='lat'><em>35.</em></span> <span class='ocrx_word' id='word_1_342' title='bbox 1146 2591 1185 2630; x_wconf 92' lang='lat' dir='ltr'><em>et</em></span> <span class='ocrx_word' id='word_1_343' title='bbox 1230 2587 1435 2643; x_wconf 75' lang='lat' dir='ltr'><em>eapilavit</em></span> <span class='ocrx_word' id='word_1_344' title='bbox 1480 2592 1519 2631; x_wconf 90' lang='lat' dir='ltr'><em>et</em></span> <span class='ocrx_word' id='word_1_345' title='bbox 1563 2588 1711 2632; x_wconf 84' lang='lat' dir='ltr'><em>citavit</em></span> <span class='ocrx_word' id='word_1_346' title='bbox 1722 2589 1750 2630; x_wconf 73' lang='grc' dir='ltr'><em>θ.</em></span> <span class='ocrx_word' id='word_1_347' title='bbox 1813 2589 1860 2631; x_wconf 90' lang='grc' dir='ltr'><em>Ε</em></span> 
     </span>
     <span class='ocr_line' id='line_1_40' title="bbox 357 2643 1856 2702; baseline 0.003 -16"><span class='ocrx_word' id='word_1_348' title='bbox 357 2643 723 2699; x_wconf 84' lang='lat' dir='ltr'><em>translationibus,</em></span> <span class='ocrx_word' id='word_1_349' title='bbox 766 2659 873 2699; x_wconf 91' lang='lat' dir='ltr'><em>quae</em></span> <span class='ocrx_word' id='word_1_350' title='bbox 913 2647 1232 2701; x_wconf 89' lang='lat' dir='ltr'><em>subsequuntur,</em></span> <span class='ocrx_word' id='word_1_351' title='bbox 1263 2647 1457 2702; x_wconf 85' lang='lat' dir='ltr'><em>priorem</em></span> <span class='ocrx_word' id='word_1_352' title='bbox 1497 2661 1550 2691; x_wconf 76' lang='lat' dir='ltr'><em>ex</em></span> <span class='ocrx_word' id='word_1_353' title='bbox 1579 2648 1717 2691; x_wconf 89' lang='lat' dir='ltr'><em>Ionae</em></span> <span class='ocrx_word' id='word_1_354' title='bbox 1747 2647 1856 2691; x_wconf 87' lang='lat' dir='ltr'><em>libro</em></span> 
     </span>
    </p>
   </div>
   <div class='ocr_carea' id='block_1_5' title="bbox 357 2784 1937 2973">
    <p class='ocr_par' dir='ltr' id='par_1_5' title="bbox 357 2782 1969 2973">
     <span class='ocr_line' id='line_1_41' title="bbox 360 2784 1937 2834; baseline 0.001 -14"><span class='ocrx_word' id='word_1_355' title='bbox 360 2785 394 2827; x_wconf 90' lang='lat'><em>1)</em></span> <span class='ocrx_word' id='word_1_356' title='bbox 424 2786 472 2819; x_wconf 86' lang='lat' dir='ltr'><em>At</em></span> <span class='ocrx_word' id='word_1_357' title='bbox 506 2786 603 2819; x_wconf 53' lang='lat' dir='ltr'><em>timer</em></span> <span class='ocrx_word' id='word_1_358' title='bbox 605 2796 664 2819; x_wconf 89' lang='lat' dir='ltr'><em>am</em></span> <span class='ocrx_word' id='word_1_359' title='bbox 688 2784 713 2818; x_wconf 96' lang='lat' dir='ltr'>h</span> <span class='ocrx_word' id='word_1_360' title='bbox 738 2786 829 2820; x_wconf 86' lang='lat' dir='ltr'><em>male</em></span> <span class='ocrx_word' id='word_1_361' title='bbox 855 2786 1014 2820; x_wconf 84' lang='lat' dir='ltr'><em>additam</em></span> <span class='ocrx_word' id='word_1_362' title='bbox 1047 2789 1234 2830; x_wconf 82' lang='lat' dir='ltr'><em>suppressi</em></span> <span class='ocrx_word' id='word_1_363' title='bbox 1261 2791 1293 2821; x_wconf 85' lang='lat' dir='ltr'><em>et</em></span> <span class='ocrx_word' id='word_1_364' title='bbox 1318 2789 1357 2822; x_wconf 82' lang='lat' dir='ltr'><em>in</em></span> <span class='ocrx_word' id='word_1_365' title='bbox 1381 2789 1416 2822; x_wconf 82' lang='lat' dir='ltr'><strong><em>A</em></strong></span> <span class='ocrx_word' id='word_1_366' title='bbox 1432 2790 1449 2824; x_wconf 85' lang='lat' dir='ltr'>l</span> <span class='ocrx_word' id='word_1_367' title='bbox 1480 2787 1742 2834; x_wconf 83' lang='lat' dir='ltr'><em>(exhemplum,</em></span> <span class='ocrx_word' id='word_1_368' title='bbox 1765 2787 1854 2834; x_wconf 80' lang='lat' dir='ltr'><em>hita,</em></span> <span class='ocrx_word' id='word_1_369' title='bbox 1878 2786 1937 2821; x_wconf 71' lang='grc' dir='ltr'><em>ω’</em></span> 
     </span>
     <span class='ocr_line' id='line_1_42' title="bbox 357 2831 1854 2881; baseline 0.004 -16"><span class='ocrx_word' id='word_1_370' title='bbox 357 2831 502 2876; x_wconf 85' lang='lat' dir='ltr'><em>homne,</em></span> <span class='ocrx_word' id='word_1_371' title='bbox 529 2832 648 2877; x_wconf 78' lang='lat' dir='ltr'><em>husuj)</em></span> <span class='ocrx_word' id='word_1_372' title='bbox 674 2836 704 2867; x_wconf 88' lang='lat' dir='ltr'><em>et</em></span> <span class='ocrx_word' id='word_1_373' title='bbox 730 2835 769 2866; x_wconf 90' lang='lat' dir='ltr'><em>in</em></span> <span class='ocrx_word' id='word_1_374' title='bbox 794 2834 864 2869; x_wconf 81' lang='lat' dir='ltr'><em>A2</em></span> <span class='ocrx_word' id='word_1_375' title='bbox 886 2832 1054 2879; x_wconf 84' lang='lat' dir='ltr'><em>(hortus).</em></span> <span class='ocrx_word' id='word_1_376' title='bbox 1151 2836 1188 2879; x_wconf 84' lang='lat'><em>2)</em></span> <span class='ocrx_word' id='word_1_377' title='bbox 1214 2835 1300 2870; x_wconf 84' lang='lat' dir='ltr'><em>Vide</em></span> <span class='ocrx_word' id='word_1_378' title='bbox 1324 2837 1432 2878; x_wconf 83' lang='lat' dir='ltr'><em>infra</em></span> <span class='ocrx_word' id='word_1_379' title='bbox 1456 2846 1483 2872; x_wconf 81' lang='lat' dir='ltr'><em>c.</em></span> <span class='ocrx_word' id='word_1_380' title='bbox 1502 2838 1535 2872; x_wconf 88' lang='lat'><em>9.</em></span> <span class='ocrx_word' id='word_1_381' title='bbox 1633 2837 1670 2881; x_wconf 88' lang='lat'><em>3)</em></span> <span class='ocrx_word' id='word_1_382' title='bbox 1692 2835 1756 2872; x_wconf 82' lang='lat' dir='ltr'><em>SS.</em></span> <span class='ocrx_word' id='word_1_383' title='bbox 1781 2847 1854 2872; x_wconf 85' lang='lat' dir='ltr'><em>rer.</em></span> 
     </span>
     <span class='ocr_line' id='line_1_43' title="bbox 357 2880 1855 2930; baseline 0.004 -18"><span class='ocrx_word' id='word_1_384' title='bbox 357 2880 490 2915; x_wconf 82' lang='lat' dir='ltr'><em>Merov</em></span> <span class='ocrx_word' id='word_1_385' title='bbox 508 2880 541 2923; x_wconf 88' lang='lat' dir='ltr'><em>I,</em></span> <span class='ocrx_word' id='word_1_386' title='bbox 561 2891 601 2924; x_wconf 86' lang='lat' dir='ltr'><em>p.</em></span> <span class='ocrx_word' id='word_1_387' title='bbox 619 2882 700 2917; x_wconf 88' lang='grc'><em>803.</em></span> <span class='ocrx_word' id='word_1_388' title='bbox 773 2880 812 2926; x_wconf 91' lang='grc'><em>4)</em></span> <span class='ocrx_word' id='word_1_389' title='bbox 842 2881 926 2914; x_wconf 84' lang='lat' dir='ltr'><em>Vita</em></span> <span class='ocrx_word' id='word_1_390' title='bbox 952 2881 990 2924; x_wconf 85' lang='lat' dir='ltr'><em>C,</em></span> <span class='ocrx_word' id='word_1_391' title='bbox 1017 2882 1049 2925; x_wconf 90' lang='lat'><em>1,</em></span> <span class='ocrx_word' id='word_1_392' title='bbox 1075 2885 1094 2924; x_wconf 63' lang='grc' dir='ltr'>ξ</span> <span class='ocrx_word' id='word_1_393' title='bbox 1120 2884 1153 2918; x_wconf 90' lang='lat'><em>3.</em></span> <span class='ocrx_word' id='word_1_394' title='bbox 1228 2884 1265 2927; x_wconf 85' lang='lat'><em>5)</em></span> <span class='ocrx_word' id='word_1_395' title='bbox 1293 2883 1352 2919; x_wconf 89' lang='lat' dir='ltr'><em>Ib.</em></span> <span class='ocrx_word' id='word_1_396' title='bbox 1370 2884 1402 2928; x_wconf 93' lang='lat' dir='ltr'><em>I,</em></span> <span class='ocrx_word' id='word_1_397' title='bbox 1428 2886 1447 2926; x_wconf 65' lang='grc' dir='ltr'>ξ</span> <span class='ocrx_word' id='word_1_398' title='bbox 1475 2884 1530 2920; x_wconf 84' lang='grc'><em>14</em></span> <span class='ocrx_word' id='word_1_399' title='bbox 1604 2884 1640 2930; x_wconf 90' lang='grc'><em>6)</em></span> <span class='ocrx_word' id='word_1_400' title='bbox 1667 2882 1855 2928; x_wconf 79' lang='lat' dir='ltr'><em>Scriptum</em></span> 
     </span>
     <span class='ocr_line' id='line_1_44' title="bbox 357 2907 1227 2973; baseline 0.005 -12"><span class='ocrx_word' id='word_1_401' title='bbox 357 2927 395 2960; x_wconf 90' lang='lat' dir='ltr'><em>in</em></span> <span class='ocrx_word' id='word_1_402' title='bbox 421 2927 530 2972; x_wconf 72' lang='lat' dir='ltr'><em>gestis</em></span> <span class='ocrx_word' id='word_1_403' title='bbox 556 2927 712 2962; x_wconf 80' lang='lat' dir='ltr'><em>habetur</em></span> <span class='ocrx_word' id='word_1_404' title='bbox 736 2927 893 2973; x_wconf 75' lang='lat' dir='ltr'><em>praefati</em></span> <span class='ocrx_word' id='word_1_405' title='bbox 916 2928 1017 2963; x_wconf 79' lang='lat' dir='ltr'><em>beati</em></span> <span class='ocrx_word' id='word_1_406' title='bbox 1038 2907 1227 2966; x_wconf 83' lang='lat' dir='ltr'><em>Germani.</em></span> 
     </span>
    </p>
   </div>
   <div class='ocr_carea' id='block_1_6' title="bbox 1941 0 2008 3302">
    <p class='ocr_par' dir='ltr' id='par_1_6' title="bbox 1941 0 2008 3302">
     <span class='ocr_line' id='line_1_45' title="bbox 1941 0 2008 3302; baseline 0 0"><span class='ocrx_word' id='word_1_407' title='bbox 1941 0 2008 3302; x_wconf 95' lang='lat' dir='ltr'><em> </em></span> 
     </span>
    </p>
   </div>
  </div>
 </body>
</html>
