2008 3302
380 310 427 345 30
666 305 834 352 IONAS,
851 305 1012 341 VITAE
1037 303 1345 340 OOLUMBANI
1369 303 1515 339 LIBRI
1539 302 1592 343 11.

379 442 476 471 vero
515 429 654 471 adhuc
693 426 918 481 quisquam
964 440 1135 480 operam
1181 425 1307 479 dedit,
1354 430 1402 468 ut
1446 425 1573 469 certis
1618 426 1883 481 aryumentis

379 501 523 530 verum
563 491 773 530 auctorem
813 485 1100 539 investiqaret.
1172 484 1430 539 Antiquarii
1469 485 1668 529 nonnulli
1707 485 1882 530 leviores

379 546 784 601 argumentationem
807 559 934 600 quam
954 544 1139 588 maxime
1160 544 1433 587 temerariam
1453 558 1505 587 ex
1524 545 1605 589 hac
1625 545 1881 600 expositione

380 606 690 658 concluserunt,
742 604 901 648 scilicet
956 604 1261 648 Columbanum
1312 603 1558 658 linquarum
1609 609 1698 648 non
1745 605 1881 648 solum

376 679 567 719 qraecae,
600 665 674 707 sed
702 664 831 707 etiam
870 663 1094 706 hebraicae
1127 663 1316 718 peritum
1355 662 1502 718 fuisse,
1543 663 1671 707 immo
1710 678 1762 708 ea·
1800 664 1882 709 hae
1905 679 1923 707 5

379 724 530 778 linqua
552 723 810 778 psalterium
840 723 889 766 in
920 722 1103 766 latinam
1134 722 1406 766 transtulisse
1419 723 1446 776 1,
1489 724 1602 766 unde
1641 723 1881 768 litterarum

249 799 295 833 *μ
309 800 352 825 19.
378 783 600 827 scientiam
633 784 867 827 Scottorum
901 783 966 826 *eo
998 782 1128 825 altius
1159 782 1311 835 efferre
1333 784 1620 838 potuerunt²,·
1658 783 1734 826 sed
1753 797 1882 838 prae·

378 842 488 895 satio
520 857 605 897 qua
636 842 835 885 nituntur
857 842 1005 897 potius
1035 841 1297 897 Hieronymi
1326 842 1572 897 interpretis
1610 846 1683 896 est,
1723 842 1882 887 scilicet

378 902 559 956 epistula
590 903 650 945 ad
680 902 967 956 Sophronium
998 902 1102 945 data
1116 902 1144 943 3.
1216 901 1381 945 Auctor
1420 906 1568 945 contra
1607 901 1882 956 expositionis

378 966 543 1005 tantu-m
583 963 751 1015 aberat,
798 966 989 1004 monente
1019 962 1076 1003 A.
1109 961 1320 1027 Peyron4,
1367 965 1415 1003 ut
1455 961 1700 1006 hebraicam
1737 962 1882 1006 doctus
1907 977 1942 1004 ιο

378 1025 482 1063 esset
511 1021 716 1076 linquam,
739 996 795 1064 'ut
825 1035 917 1064 eam
949 1035 1041 1064 cum
1073 1020 1246 1076 syriaca
1267 1025 1472 1075 perpetuo
1500 1020 1742 1074 confuderit
1758 1025 1882 1076 atque

368 1080 679 1146 primiqenium
725 1085 881 1123 textum
922 1094 1255 1123 commemorans
1300 1094 1387 1123 non
1433 1085 1648 1124 assecutus
1693 1079 1751 1124 sit
1790 1094 1882 1136 yer-

376 1154 552 1182 manum
583 1139 675 1182 eius
704 1155 885 1183 sensum.
956 1140 1262 1183 Columbanum
1291 1139 1435 1195 ipsum
1466 1139 1716 1207 peritiorem
1746 1140 1882 1194 fuisse

377 1213 429 1241 ecc
458 1199 805 1253 interpretatione
836 1200 1133 1243 vocabulorum
1163 1200 1466 1242 nonnullorum
1505 1199 1681 1243 minime
1720 1200 1882 1244 conclw

377 1259 560 1301 olendum
592 1263 662 1313 est,
695 1259 848 1314 quippe
867 1273 986 1315 quae
1017 1273 1068 1302 ex
1099 1258 1372 1302 onomasticis
1391 1259 1652 1314 Hieronymi
1682 1259 1880 1303 aliorum-
1906 1274 1942 1301 ιο

378 1331 456 1371 que
486 1318 616 1371 facile
657 1318 850 1373 colliqere
882 1318 1091 1373 potuisset
1103 1319 1133 1360 ⁵.
1203 1319 1268 1361 At
1306 1318 1479 1373 linquae
1515 1332 1695 1374 yraecae
1733 1323 1883 1364 auctm-

376 1377 449 1420 ille
479 1377 720 1432 incoqnitus
750 1377 972 1421 scientiam
1002 1379 1221 1432 quandam
1251 1378 1448 1421 habuisse
1478 1377 1645 1422 videtur
1667 1392 1881 1434 qraecam-

377 1450 468 1502 que
489 1437 734 1492 Symmachi
763 1437 1153 1491 interpretationem
1183 1452 1307 1491 saepe
1343 1437 1503 1480 citavit.
1565 1438 1683 1483 Erat
1719 1451 1881 1493 quoque

376 1495 490 1539 iuris
529 1497 753 1550 consultus,
801 1511 904 1540 nam
943 1498 1019 1540 sub
1060 1497 1146 1551 leqe
1184 1511 1343 1540 usurae
1383 1511 1470 1540 non
1509 1496 1726 1552 iqnoravit
1762 1512 1881 1542 exac-

378 1555 532 1598 tionem
562 1555 825 1609 prohibitam
863 1570 961 1610 esse,
1003 1560 1127 1610 atque
1165 1557 1287 1600 valde
1323 1556 1516 1611 qraviter
1555 1557 1730 1612 dolebat,
1770 1558 1884 1624 quod
1905 1572 1942 1599 ιο

378 1614 546 1658 iustitia
591 1629 666 1658 suo
713 1620 893 1685 tempore
938 1616 1058 1668 facta
1103 1620 1208 1659 esset
1253 1616 1442 1660 venalis:
1487 1617 1677 1668 vitium,
1724 1616 1878 1671 inquit,

379 1676 502 1729 quod
533 1676 702 1718 nosizris
734 1677 981 1732 praecipue
1013 1676 1175 1719 diebus
1207 1677 1476 1720 increbruit.
1528 1675 1671 1719 Victui
1693 1676 1881 1720 humano

378 1734 622 1777 necessaria
652 1749 740 1777 esse
771 1735 1043 1778 existimabat
1073 1740 1249 1790 praeter
1279 1736 1542 1789 frumentum
1572 1735 1701 1779 etiam
1731 1735 1880 1785 vinum

378 1797 416 1836 et
446 1794 591 1836 oleum.
663 1793 838 1837 Constat
867 1799 1005 1838 autem
1038 1795 1199 1838 Scottos
1229 1800 1395 1839 nostros
1426 1796 1581 1849 absque
1616 1795 1881 1850 reliquarum

375 1853 564 1907 qentium
595 1853 779 1908 leqibus6
808 1854 944 1907 fuisse
975 1855 1140 1909 locoque
1170 1855 1263 1898 vini
1294 1855 1455 1909 oleique
1486 1854 1732 1898 cerevisiam
1767 1855 1880 1911 buty-
1904 1869 1941 1902 2⁶

378 1926 553 1966 rumque
584 1913 899 1967 consumpsisse,
933 1916 1032 1957 dum
1063 1930 1114 1958 ea
1144 1929 1252 1969 quae
1274 1914 1439 1969 protuli
1459 1919 1713 1969 arqumenta
1735 1915 1882 1970 potius

376 1971 426 2013 in
457 1977 669 2015 auctorem
693 1973 850 2027 plaqae
882 1974 1088 2017 australis
1108 1975 1332 2018 convenire
1351 1974 1561 2017 videntur.
1613 1973 1882 2029 Diliyentius

378 2032 543 2084 quidem
574 2032 623 2074 in
654 2047 742 2075 rem
772 2047 838 2076 me
868 2048 955 2076 non
990 2033 1267 2088 inquisivisse
1306 2035 1508 2087 confiteor
1545 2037 1586 2077 et
1621 2048 1746 2090 spero
1774 2034 1879 2087 'fore

377 2094 424 2133 ut
463 2091 596 2134 cultor
631 2091 806 2145 quidam
845 2093 985 2136 saneti
1024 2093 1113 2136 viri
1153 2094 1438 2147 quaestionem
1479 2097 1673 2137 retractet
1710 2093 1881 2148 iamque

378 2151 548 2193 tandem
578 2152 778 2194 absolvat.
843 2153 1028 2195 Interim
1060 2158 1166 2196 certe
1198 2154 1394 2197 dubitare
1425 2153 1531 2207 licet,
1574 2153 1681 2207 quin
1719 2152 1880 2197 Colum·
1904 2167 1941 2196 ω

378 2209 481 2252 bani
512 2210 715 2264 expositio
737 2212 1004 2266 psalmorum
1036 2213 1176 2256 adhuc
1211 2213 1405 2267 supersit.
1469 2213 1701 2256 Praeterea
1740 2212 1879 2267 ipsum

376 2270 509 2312 multa
555 2270 647 2313 alia
686 2272 750 2313 vel
795 2273 855 2314 ad
893 2276 1061 2315 cantum
1109 2272 1243 2327 diqna
1282 2273 1347 2315 vel
1386 2274 1446 2316 ad
1483 2273 1714 2316 docendum
1751 2272 1880 2316 utilia

376 2329 615 2372 condidisse
646 2330 761 2374 dicta
792 2335 939 2374 auctor
970 2336 1031 2374 est
1050 2332 1188 2376 Ionas
1201 2332 1228 2375 ⁷.
1282 2331 1453 2388 Hymni
1482 2331 1665 2387 quidem,
1695 2332 1756 2375 ad
1777 2345 1880 2387 quos

376 2388 478 2431 haec
509 2390 636 2432 verba
667 2389 870 2443 inprimis
909 2391 1138 2444 referenda
1176 2391 1376 2436 videntur
1414 2407 1514 2446 esse,
1555 2407 1584 2435 a
1621 2391 1880 2436 columbano

378 2541 412 2584 1)
451 2540 613 2584 Ebrard,
650 2542 730 2575 ‘Die
762 2544 801 2576 ir
801 2543 1024 2578 oschottische
1048 2545 1284 2579 Mz'ssionskir
1285 2545 1359 2579 che'
1378 2556 1417 2589 p.
1443 2547 1503 2588 83,
1537 2556 1615 2579 cum
1649 2545 1879 2580 sectatoribus
1904 2554 1940 2581 ⁸6
2007 2580 2008 2584 ,

374 2589 466 2624 suis.
538 2588 576 2634 2)
602 2567 728 2623 ’Etiam
745 2590 865 2625 Hem
850 2601 926 2625 icus
941 2592 1112 2636 Zimmer,
1141 2594 1321 2636 ‘Pelaqius
1344 2595 1382 2627 in
1407 2593 1442 2627 Io
1444 2593 1566 2635 ·land’‚
1591 2593 1756 2628 Berolini
1772 2594 1877 2636 1901,

370 2646 410 2679 p.
429 2637 478 2678 5,
490 2636 693 2670 litterarum
716 2640 900 2673 scientiam
924 2640 1149 2684 studiumque
1170 2641 1379 2684 Scottorum,
1404 2641 1498 2685 quod
1522 2618 1571 2675 ad
1595 2651 1718 2675 aevum
1741 2640 1879 2675 Colum-

375 2662 463 2717 bani
494 2686 631 2727 «mmet,
669 2686 763 2720 iusto
794 2687 921 2729 pluris
954 2689 1176 2722 ewistimasse
1208 2689 1301 2722 mihi
1332 2689 1483 2725 videtur.
1588 2687 1625 2734 3)
1659 2688 1820 2722 Psalter⁰
1803 2699 1879 2723 mm

375 2732 483 2764 iuncta
507 2731 687 2766 Hebraeos
711 2733 929 2776 Hieronymi
960 2736 1012 2770 ed.
1037 2735 1079 2769 de
1103 2736 1273 2779 Laqarde
1291 2747 1331 2780 p.
1351 2738 1459 2780 lsqq.
1579 2735 1617 2781 4)
1651 2737 1697 2772 A.
1721 2735 1876 2780 Peyron,

377 2778 475 2812 Cicer
477 2781 555 2812 onis
578 2782 783 2814 orationum
807 2783 1013 2824 fraqmenta
1037 2783 1220 2827 ineditap
1223 2785 1329 2820 189,
1444 2781 1552 2829 5)Ε
1668 2783 1881 2818 columbam·
1902 2793 1939 2819 ιο

374 2827 725 2870 interpretamentum
751 2829 815 2863 hoc
839 2829 941 2871 (ΜΘ
959 2829 1029 2873 Ep.
1047 2831 1122 2873 ΙΙΙ,
1143 2842 1183 2875 p.
1209 2833 1288 2874 156,
1301 2833 1354 2875 19)
1378 2830 1564 2876 Bargoma
1589 2829 1671 2866 vilis
1705 2830 1878 2866 columba

374 2875 565 2915 manifesto
587 2877 714 2919 pendet
739 2887 783 2910 ex
803 2876 1021 2919 Hieronymi
1042 2878 1136 2912 libro
1160 2880 1468 2924 interpretationis
1491 2879 1742 2914 hebraicorum
1764 2881 1878 2914 nomi-

373 2931 461 2954 num
485 2921 728 2963 (Onomastica
752 2934 860 2958 sacra
886 2925 936 2960 ed.
959 2926 1001 2959 de
1018 2925 1188 2968 Layarde
1206 2938 1247 2970 p.
1265 2929 1350 2966 60).·
1374 2925 1536 2961 Bariona
1556 2924 1652 2961 filius
1674 2925 1876 2964 columbae.

376 2967 475 3012 >V
505 2969 659 3006 Columb
683 2971 766 3014 12
865 2973 901 3016 7)
930 2972 1090 3016 [2213
