2008 3302
454 244 622 293 IONAS,
640 245 802 283 VITAE
828 245 1134 283 COLUMBANI
1160 246 1306 283 LIBRI
1329 246 1381 284 H.
1623 249 1669 284 99

163 366 410 412 examinato
441 367 591 421 codice,
623 367 673 411 id
701 382 765 411 me
793 382 879 411 non
899 368 1103 422 fefellisse
1125 368 1406 422 confirmavit,
1429 368 1670 412 describens

82 453 88 458 ·
167 427 300 471 locum
314 426 615 481 interpolatum
633 442 667 471 c.
689 432 726 470 1.
743 427 833 471 ita:
849 428 917 470 Ea
933 442 1054 485 ergo,
1073 431 1225 472 vestro
1242 429 1462 472 turbante
1479 431 1667 473 mundo.

308 486 436 540 A3†)
476 486 616 530 Codex
646 487 1058 530 Londiniensis
1089 487 1238 530 Musei
1268 487 1526 531 Britannici
1555 487 1670 532 inter

58 587 62 590 .
164 545 432 590 Harleianos
457 561 500 589 n.
524 550 653 600 2802,
686 561 795 590 saec.
818 546 968 600 XIII,
1000 547 1075 599 fol.
1104 547 1670 601 140—147‘‚passionalis

56 636 60 637 ν
113 621 136 651 s
163 609 406 650 sanctorum
436 605 782 649 Arinsteinensis
821 610 955 648 tomus
986 606 1081 648 III
1113 605 1172 660 (v.
1209 621 1342 661 supra
1373 607 1416 649 A
1437 606 1528 661 1b⁶)
1560 606 1668 651 ideo-

163 678 242 720 que
262 679 355 708 cum
381 665 618 708 Trevericis
646 665 906 719 coniunctus,
939 665 1067 708 etiam
1099 666 1146 708 V.
1176 665 1297 708 Galli
1328 666 1522 717 continet,
1555 667 1668 710 unde

162 723 302 779 ipsum
341 724 447 768 alibi
486 724 577 767 iam
616 725 771 767 attuler
772 739 843 768 am
857 725 884 766 1.
947 725 1315 780 Praescriptiones
1346 725 1532 779 capitum
1563 726 1668 769 desi-

162 784 384 828 derantur.
445 784 490 826 A
522 783 875 838 praecedentibus
910 783 1039 827 huius
1068 784 1267 837 familiae
1299 784 1424 828 libris
1455 789 1590 829 temtus
1622 800 1667 828 eo

163 842 388 900 discrepat,
429 845 542 898 quod
579 857 601 887 e
640 843 742 888 locis
781 842 1055 899 transpositis
1090 844 1210 897 alter,
1253 843 1412 887 scilicet
1450 844 1664 900 epistulae,

98 919 139 947 ao
161 915 269 957 quae
298 902 395 958 ipsa
425 902 584 946 omissa
614 907 686 957 est,
719 905 846 947 verba
877 903 918 957 I,
950 908 988 946 1.
1021 905 1317 960 aggredimur
1348 907 1502 948 texere
1535 907 1667 961 gesta,

161 975 294 1017 neque
322 963 534 1007 turbines
574 963 842 1017 subsequitur
872 967 996 1017 atque
1026 977 1156 1017 quam
1193 963 1379 1006 maxime
1411 967 1667 1007 retractatus

161 1025 243 1065 est.
241 1036 250 1045 ·
294 1022 519 1066 invidiam
565 1024 881 1079 arrogantium
929 1023 1003 1066 vel
1055 1024 1274 1066 inerciam
1327 1024 1665 1079 negligentium

36 1080 70 1156 ‘3
160 1095 254 1125 non
300 1082 436 1126 valde
483 1086 716 1134 curantes,
765 1097 960 1138 quorum
1013 1083 1094 1125 alii
1139 1083 1268 1126 facta
1319 1083 1473 1126 aliena
1519 1084 1666 1139 magis

41 1143 69 1201 *²
95 1216 137 1245 ,⁶
159 1145 391 1245 &3233ssss
408 1143 1352 1254 υέῗὲἔῗὴξῖᾶθὲῖῂ-...ἔιῖῗῃὲἒῗὲἰῗώ
1398 1146 1665 1246 ἓίεζ».ἕ“ἴὲῗ

683 1218 700 1244 1
1316 1225 1374 1231 -

40 1202 72 1303 I*
160 1260 278 1317 plati
317 1261 459 1305 simus
500 1265 599 1304 ante
639 1262 742 1303 Erit]
782 1264 940 1304 tamen
980 1261 1163 1315 iteravit,
1207 1262 1306 1304 dum
1346 1261 1455 1304 alter
1488 1262 1666 1304 eundem

159 1319 294 1364 locum
334 1324 457 1374 atque
501 1319 552 1363 in
597 1319 777 1374 reliquis
817 1320 1007 1374 coynatis
1047 1324 1231 1374 occupat.
1297 1320 1517 1363 Lectiones
1563 1335 1664 1363 non-

159 1379 303 1423 nullas
342 1394 436 1423 cum
465 1379 510 1422 A
532 1384 558 1422 3
595 1379 898 1423 consentientes
938 1379 1204 1434 discrepante
1244 1379 1352 1422 libro
1383 1379 1427 1422 A
1449 1379 1492 1421 3
1524 1379 1668 1422 attulit

52 1492 56 1500 Ι
158 1438 336 1482 Lawlor
356 1454 403 1494 p.
433 1443 489 1482 85
511 1452 573 1494 sq.

50 1502 58 1534 ὲ
94 1515 136 1543 no
303 1498 556 1555 Scripturae
594 1498 807 1555 specimen
846 1498 962 1542 dedit
995 1498 1107 1541 idem
1148 1499 1232 1541 tab.
1269 1498 1406 1541 XIV.
1469 1498 1543 1540 Ex
1572 1498 1665 1552 ipso

157 1556 427 1613 intelleyitur,
460 1558 617 1602 librum
646 1573 754 1601 saec.
780 1558 932 1602 XIII.
964 1557 1014 1601 in
1046 1558 1235 1612 cataloyo
1263 1557 1533 1601 bibliothecae
1556 1561 1664 1600 recte

157 1617 405 1661 attributum
425 1632 524 1672 esse,
551 1631 672 1672 quem
692 1618 870 1661 Lawlor
889 1617 940 1660 in
955 1619 1217 1673 praecedens
1231 1631 1476 1671 promovere
1497 1617 1662 1660 maluit.

299 1675 448 1732 ΑΒΗ)
489 1677 627 1721 Codex
658 1677 1117 1730 Confluentinus²
1148 1676 1417 1720 bibliothecae
1445 1676 1664 1731 yymnasii

157 1749 200 1780 n.
224 1739 264 1790 5,
296 1751 405 1781 saec.
431 1737 568 1792 XIV,
601 1737 786 1792 scriptus
811 1752 839 1780 a
869 1736 1124 1790 ‘Godefrido
1146 1738 1196 1779 de
1217 1736 1518 1790 Andernacho,
1544 1750 1661 1790 pres-

91 1813 133 1843 ω
157 1796 309 1851 hytero,
351 1797 572 1853 capellano
608 1796 765 1840 altaris
801 1796 940 1840 sancti
970 1795 1190 1840 Mauricii
1219 1795 1268 1839 in
1299 1795 1474 1839 ecclesia
1504 1796 1662 1838 Mona-

155 1855 353 1899 steriensi
391 1857 441 1899 in
471 1856 783 1912 Meynewelth',
824 1855 984 1899 scilicet
1019 1855 1267 1899 Trevericae
1309 1854 1538 1898 dioeceseos
1580 1854 1662 1902 loci

155 1914 230 1970 qui
259 1915 382 1959 hodie
411 1920 586 1960 vocatur
617 1915 1005 1968 Mu'nstermaifeld
1032 1929 1166 1969 prope
1197 1915 1365 1969 Mayen
1395 1914 1470 1957 siti
1502 1913 1660 1968 (Ἥρῃ.-

154 1974 260 2018 Bee.
288 1974 515 2030 Goblene'),
548 1975 623 2028 fol.
649 1978 809 2018 271’--
823 1976 938 2029 285’,
965 1976 1109 2018 eadem
1131 1979 1253 2028 atque
1276 1974 1382 2016 liber
1400 1975 1661 2027 praecedens

155 2034 339 2078 continet
367 2036 507 2078 eodem
537 2036 660 2078 modo
691 2035 947 2090 perturbata
978 2038 1101 2089 atque
1142 2037 1375 2076 retractata
1409 2031 1486 2085 (cf.
1520 2033 1559 2086 Ι,
1599 2034 1657 2088 1),

90 2114 132 2142 ω
154 2107 287 2148 quare
317 2109 369 2138 ea
399 2108 506 2149 quae
537 2095 588 2137 de
617 2093 692 2137 illo
725 2094 952 2138 attuleram
981 2093 1112 2137 etiam
1143 2094 1204 2136 ad
1231 2093 1344 2135 hunc
1374 2096 1572 2147 spectant.

298 2153 458 2207 A3oe1)
497 2153 637 2197 Codex
668 2152 1028 2196 Parisiensis
1059 2168 1102 2196 n.
1131 2157 1260 2206 5293,
1295 2152 1394 2194 olim
1425 2151 1660 2194 Peirescia-

154 2226 248 2267 nus,
275 2213 427 2256 deinde
447 2212 777 2266 Mazarinaeus,
797 2217 946 2267 postea
967 2212 1129 2267 Reyius
1156 2211 1202 2255 Ο.
1223 2215 1351 2265 3654,
1377 2226 1485 2254 saec.
1506 2211 1657 2264 XIII,

152 2272 228 2325 fol.
265 2274 533 2326 155’-171,
582 2272 631 2316 V.
672 2271 922 2315 Columbani
962 2287 1052 2315 una
1093 2286 1186 2315 cum
1225 2271 1405 2325 epistula
1449 2268 1656 2325 (praescr.

154 2332 329 2388 Incipib
361 2332 579 2388 prologus
611 2333 726 2375 Ione
758 2333 807 2374 in
839 2333 936 2375 vita
970 2333 1119 2375 sancti
1151 2331 1431 2374 Columbani
1461 2331 1658 2373 abbatis.

89 2411 130 2439 ³⁶
153 2388 404 2447 XXXVII)
444 2395 483 2434 et
513 2391 789 2445 praefatione
829 2388 1402 2447 (c1.praeser.1neipi‘c
1429 2390 1661 2435 secundus

153 2451 384 2507 prologus,
416 2451 574 2494 subscr.
609 2452 813 2508 Explicit
843 2451 1084 2508 prologus;
1123 2465 1157 2494 c.
1189 2455 1229 2493 2.
1255 2459 1463 2504 praesen
1482 2449 1660 2505 Iueipit

152 2510 271 2565 vita)
304 2510 498 2564 continet,
541 2511 810 2565 subsequente
841 2510 1051 2553 Passione
1088 2510 1314 2553 Caeciliae.
1377 2509 1534 2552 Versus
1566 2509 1658 2550 bar-

153 2569 250 2612 bari
280 2569 330 2613 in
361 2585 395 2613 c.
419 2574 459 2612 2.
492 2584 580 2612 non
610 2571 768 2613 adsunt
795 2570 896 2613 inde
928 2571 981 2613 ab
1013 2571 1346 2626 Expectatque.
1416 2568 1522 2611 Cum
1552 2567 1659 2620 finis

154 2643 187 2672 c.
215 2633 281 2671 17.
295 2633 395 2684 post
414 2643 448 2672 c.
470 2633 537 2671 15.
561 2629 844 2683 transpositus
865 2629 931 2683 sit,
964 2629 1074 2672 sicut
1092 2629 1142 2672 in
1163 2629 1206 2671 A
1226 2633 1265 2671 3.
1290 2628 1343 2670 3‘.
1369 2627 1429 2669 3‘*
1436 2624 1526 2680 .3,
1551 2626 1658 2669 liber

86 2708 130 2735 ,ω
153 2687 245 2731 sine
276 2689 402 2732 dubio
434 2688 532 2731 huic
562 2688 760 2741 familiae
791 2689 1142 2731 adnumerandus
1173 2692 1244 2742 est,
1278 2688 1352 2730 sed
1381 2660 1563 2740 epistula
1594 2685 1656 2727 ibi

152 2761 240 2790 non
269 2747 364 2790 hiat
392 2762 524 2802 neque
547 2747 820 2801 praefationi
851 2748 964 2791 locus
996 2748 1164 2791 alienus
1185 2747 1371 2789 insertus
1403 2749 1474 2788 est.
1523 2744 1655 2787 Prae-

155 2864 190 2908 1)
215 2864 291 2900 Sor.
316 2875 388 2900 rer.
407 2864 603 2907 Meroviny.
621 2864 693 2907 IV,
712 2865 794 2900 246.
867 2865 905 2908 2)
937 2864 991 2907 Cf.
1009 2865 1052 2900 Ε.
1071 2864 1231 2906 Dronke,
1258 2863 1438 2904 ‘Beitra‘ye
1461 2872 1493 2896 z.
1517 2861 1656 2894 Biblio-

144 2911 305 2956 yraphie
329 2923 365 2948 u.
390 2911 734 2955 Isitteraturyeschl,
761 2911 1002 2954 Confluentiae
1028 2913 1134 2953 1837,
1161 2911 1193 2954 I,
1214 2922 1253 2954 p.
1276 2911 1343 2946 106
1356 2910 1483 2945 —110.

68 2967 70 2970 ,
1372 2967 1415 3003 7*
