2008 3302
256 1403 292 1435 *p
298 1423 304 1431 ,
312 1403 375 1428 401.

397 256 468 291 298
722 252 890 298 IONAS,
911 253 1039 289 VITA
1058 253 1308 290 VEDASTIS
1331 254 1577 291 EPISOOPI.

397 377 687 428 subsequatur.
757 375 912 417 Textus
951 390 1079 429 quam
1118 375 1302 418 maxime
1347 381 1601 420 retractatus
1648 377 1903 432 eoeemplaris

398 434 555 477 similis
586 434 630 476 Β
650 438 670 475 1
702 430 755 485 (c
782 439 822 476 6.
845 432 1036 501 merore]
1062 437 1327 479 memoriiaer
1347 436 1393 478 Β
1410 441 1490 489 3a,·
1522 451 1769 481 memorem
1791 437 1837 480 Β
1857 437 1898 493 1)

398 494 538 536 adhuc
576 493 755 548 vestiyia
795 494 989 548 servavit,
1034 496 1110 538 secl
1139 500 1368 549 praeterea
1409 495 1536 538 etiam
1575 497 1773 549 familiae
1812 497 1856 540 A
1874 502 1899 539 3

399 553 594 595 lectiones
625 553 786 607 aliquot
824 553 873 596 in
903 554 995 608 ipso
1027 554 1216 598 discerni
1255 555 1361 598 licet.
1435 556 1536 599 Vita
1575 560 1748 599 eoeeunte
1786 557 1902 600 locus

399 614 458 655 acl
487 612 627 655 sancti
650 613 845 666 patriam
875 618 1068 667 spectans
1099 614 1163 657 ita
1192 614 1441 658 immutatus
1463 619 1534 669 est,
1565 620 1613 658 ut
1634 630 1719 670 pro
1749 616 1902 671 oppido
1925 633 1946 660 5
1998 643 2005 666 ,-

403 671 594 714 Tullensi
615 672 860 726 Aquitania
884 674 1109 717 substituta
1133 674 1202 717 sit.
1249 675 1382 718 Hunc
1406 674 1547 729 ipsum
1567 675 1676 718 alter
1695 675 1903 719 librarius
1999 671 2004 682 '

398 735 637 774 retractans
669 732 817 774 ‘alium
848 733 1086 787 proloqum'
1120 732 1147 787 (
1141 734 1216 787 fol.
1251 733 1330 788 45)
1363 734 1605 790 composuit,
1646 735 1721 789 qui
1758 735 1903 791 primo
1974 770 1978 774 f

398 791 579 834 Alcuini
611 792 836 846 proloqum
876 794 936 835 ael
974 793 1197 836 Radonem
1238 794 1577 849 subsequebatur,
1625 795 1756 838 donec
1795 794 1903 838 libro

398 851 536 894 Ionae
572 851 732 894 inserto
769 853 870 895 ordo
907 866 1051 895 rerum
1080 853 1346 908 interruptus
1376 857 1448 896 est.
1507 854 1739 908 Opiniones
1769 854 1904 898 diver-

397 925 472 953 sas
511 925 644 953 novus
690 910 970 965 interpolator
1005 912 1069 955 ita
1109 913 1223 956 inter
1263 928 1306 956 se
1347 913 1606 967 conciliavit,
1656 918 1704 956 ut
1741 915 1905 958 Leucos
1929 932 1967 958 ιο

399 974 528 1013 antea
566 970 731 1025 iqnotos
770 975 970 1014 statueret
1007 972 1276 1026 Aquitaniae
1313 978 1489 1027 qentem.
1561 974 1694 1017 Hunc
1739 975 1905 1017 demum

390 1031 616 1085 proloqum
656 1035 792 1073 textus
832 1031 1125 1074 Alcuinianus
1168 1035 1372 1087 (praescr.
1418 1034 1593 1090 Incipit
1634 1034 1732 1077 vita
1778 1034 1905 1077 beati

399 1090 593 1133 Vedasisi
634 1092 838 1147 episcopi
870 1092 1213 1146 Atrebatensis)
1249 1092 1406 1147 excipit
1444 1092 1540 1146 (fol.
1574 1097 1766 1135 45—48
1771 1093 1805 1150 ‘)
1848 1095 1908 1136 acl

400 1150 574 1192 classem
612 1150 692 1193 O
668 1155 692 1182 ⁶)
726 1150 962 1205 pertinens,
1003 1153 1078 1194 secl
1115 1152 1220 1204 folio
1260 1152 1374 1195 inter
1405 1156 1476 1194 46.
1509 1157 1549 1196 et
1579 1157 1650 1195 47.
1693 1153 1905 1208 deperdito

400 1223 433 1252 c.
469 1213 508 1251 6.
558 1208 608 1263 (a
653 1210 793 1253 verbis
828 1207 937 1266 {bem
970 1212 1148 1255 luceret
1184 1213 1458 1268 muliorum)
1501 1213 1561 1256 ad
1599 1227 1633 1256 c.
1668 1217 1708 1255 8.
1750 1212 1981 1257 deside-15

398 1273 582 1323 rantur·
623 1274 709 1312 tum
739 1270 907 1324 reliqua
938 1271 988 1313 de
1019 1271 1095 1314 hoc
1125 1276 1272 1314 sancto
1303 1276 1536 1326 sequuntur
1564 1272 1729 1329 scripta
1759 1287 1788 1316 a
1811 1273 1906 1327 plu-

399 1328 520 1371 ‘tibus
550 1329 807 1372 auctoribus.

548 1388 696 1444 *B3b)
736 1389 876 1433 Codex
905 1390 1300 1434 Atrebatensis
1330 1406 1373 1434 n.
1402 1396 1487 1434 869
1522 1390 1673 1446 (antea
1709 1406 1752 1435 n.
1782 1391 1903 1446 380),

402 1463 510 1491 saec.
541 1449 677 1502 XIV,
721 1449 821 1491 olim
864 1449 1134 1493 bibliothecae
1173 1451 1425 1494 monasterii
1457 1451 1502 1494 S.
1539 1451 1735 1495 Vedastis
1765 1451 1906 1506 ibique
1980 1507 1981 1511 Ἰ

402 1508 597 1562 siqnatus
628 1509 676 1551 F
698 1513 749 1551 14
765 1510 791 1563 1,
833 1509 933 1552 item
963 1510 1190 1565 proloqum
1220 1511 1340 1553 illum
1372 1512 1553 1555 alterum
1584 1511 1778 1567 continet,
1818 1511 1904 1555 inc.
1930 1522 1997 1556 π

401 1569 656 1623 Aquibania
686 1572 907 1612 montem.

545 1629 686 1671 Locus
725 1630 785 1671 acl
823 1628 1029 1683 oriqinem
1075 1630 1420 1685 sepulchrumque
1460 1630 1656 1674 Vedastis
1697 1635 1904 1688 spectans,
1981 1679 1988 1684 Ἴ

401 1687 475 1742 qui
506 1687 555 1730 in
586 1689 697 1731 calce
729 1688 990 1731 recensionis
1019 1689 1065 1731 Β
1097 1689 1261 1744 leqitur,
1296 1705 1324 1733 a
1354 1690 1494 1733 verbis
1515 1690 1810 1745 praefationis
1839 1705 1905 1734 eoe-
1965 1718 1990 1745 3„

401 1747 596 1801 orditur:
627 1762 678 1790 ea
709 1752 848 1790 autem
879 1753 967 1790 tam
997 1749 1108 1792 male
1129 1749 1334 1804 disposita
1355 1750 1530 1804 exhibet,
1563 1754 1611 1792 ut
1630 1750 1905 1805 expilatorem
1974 1754 1988 1805 ,gg

401 1821 452 1850 ea
483 1795 590 1861 quae
621 1807 826 1861 expilavit
855 1808 1031 1851 minime
1061 1808 1318 1852 intellexisse
1347 1809 1624 1862 manifestum
1655 1810 1736 1854 sit:
1923 1809 1968 1855 «ει

556 1879 783 1932 Praefatio
818 1877 872 1931 (c.
900 1880 961 1935 1).
1320 1881 1366 1923 Β
1395 1881 1446 1924 in
1475 1883 1564 1935 fine
1597 1879 1651 1934 (c.
1679 1884 1771 1938 10).

459 1950 654 1993 vedasti
670 1974 727 1979 —-
750 1953 1018 1994 memoriam
1041 1967 1114 2008 po·
1249 1953 1384 2005 Nam,
1419 1954 1540 1996 sicut
1571 1954 1783 2010 superius
1814 1969 1903 1998 me·
1985 1996 1987 1999 ,

400 2011 534 2052 steris
567 2012 888 2054 commendare
925 2015 1114 2054 rabum
1190 2014 1481 2065 momvimus,
1514 2016 1590 2065 ut,
1623 2014 1775 2057 unde
1804 2015 1903 2057 ori-

400 2070 684 2122 ducimus,
718 2073 793 2121 ut,
827 2073 979 2114 unde
1012 2073 1115 2114 ori·
1190 2074 1380 2128 ginem
1414 2074 1666 2126 duxerin
1711 2076 1903 2116 rabum
1971 2074 1991 2083 ”

1191 2133 1220 2174 d
1231 2148 1262 2174 u
1273 2147 1296 2175 e
1307 2134 1324 2174 i
1335 2149 1380 2175 m
1391 2148 1422 2175 u
1433 2147 1466 2183 s,
1501 2133 1707 2177 Tullinse
1749 2137 1902 2176 ortum
1929 2150 1972 2181 ω,
1981 2124 1991 2163 .'

1189 2207 1358 2248 genere
1391 2194 1613 2236 oriundus
1645 2194 1752 2236 fuit.
1972 2196 1982 2206 ''

1996 73 2008 146 2

1997 152 2008 191 i

1995 229 2008 273 ξ

1999 301 2008 339 ,ξ

1998 340 2008 388 l

1996 389 2008 565 ἰ

1994 1019 1997 1025 “
1990 976 1997 988 ²
1988 829 2008 962 ’ῑῖῗὲἒὲᾮῐῒῆ-υ.
2000 808 2008 819 η

399 2131 592 2185 ginem
618 2131 870 2181 duxerit,
904 2132 978 2174 vel
1005 2146 1114 2174 sane

398 2190 522 2232 vibae
600 2204 782 2232 cursum
859 2193 1091 2247 peregerit
1103 2227 1112 2242 ,

399 2263 629 2305 quamque
682 2251 820 2293 finem
874 2252 1111 2303 habuerit,

399 2310 614 2364 prosequi
656 2311 914 2352 studiamus
946 2312 1111 2354 verbis.

542 2381 703 2423 Eodem
743 2383 864 2424 modo
902 2382 952 2424 in
984 2387 1064 2424 toto
1097 2382 1386 2426 additamento
1417 2383 1492 2426 illo
1524 2387 1736 2427 auctorem
1763 2398 1902 2439 yram-

397 2439 556 2483 matica
588 2440 783 2495 deseruit,
829 2455 961 2495 neque
1000 2442 1248 2485 elocutionis
1277 2443 1415 2486 Ionae
1446 2443 1653 2497 propriae
1683 2443 1903 2499 πεί-19111111
1927 2446 1981 2488 ω’

398 2499 489 2542 illic
529 2504 720 2553 apparet.
783 2501 857 2543 Ea
904 2515 1011 2554 quae
1049 2506 1278 2555 praeterea
1318 2504 1453 2556 plura
1492 2503 1656 2546 exhibet
1684 2503 1730 2546 Β
1759 2507 1902 2546 utrum

398 2559 655 2613 interpolata
687 2574 747 2602 an
771 2561 1084 2615 praetermissa
1115 2561 1214 2615 sint,
1240 2577 1402 2616 parum
1434 2562 1586 2617 liquet:

483 2645 516 2674 c.
545 2635 581 2675 1.
614 2632 670 2673 in
705 2633 884 2687 magnis
918 2647 970 2675 ae
1006 2629 1079 2688 [in
1111 2635 1210 2676 add.
1242 2630 1302 2689 B]
1338 2635 1553 2687 minimis,

483 2705 515 2734 c.
542 2694 580 2732 7.
615 2692 855 2734 adtonitus
891 2688 1070 2747 [beatus
1103 2694 1202 2735 add.
1235 2690 1310 2749 Β],
1956 2742 1959 2747 ,
1996 2751 1998 2754 y

477 2750 534 2794 ib.
616 2750 703 2793 Cui
738 2749 867 2806 [Cum
888 2749 945 2806 B]
979 2754 1271 2795 venerandus
1303 2755 1373 2796 vir
1394 2754 1636 2806 Vedashus,
1673 2752 1764 2809 [qui
1791 2755 1901 2797 dum
2006 2763 2007 2766 ’

400 2878 436 2924 1)
476 2879 531 2922 Cf.
568 2879 772 2923 ‘Cataloyue
808 2879 916 2923 qe'ne'r
917 2881 956 2914 al
990 2881 1050 2914 des
1084 2892 1167 2917 mss.
1202 2883 1263 2916 cles
1300 2882 1549 2927 bibliotheques
1580 2883 1684 2926 publ.
1717 2883 1777 2917 des
1809 2882 1899 2927 de'pl
1951 2884 1955 2899 ³'

398 2937 469 2962 ser.
493 2927 526 2971 I,
554 2932 636 2963 tom
663 2927 733 2972 IV,
755 2939 795 2972 p.
816 2930 897 2964 346.
