2008 3302
376 272 447 306 330
700 266 868 312 10NAS,
886 266 1014 302 VITA
1037 265 1293 302 IOHANNIS
1316 265 1553 302 ABBATIS.

377 393 528 434 castro
561 392 738 445 septem
769 389 957 431 milibus
990 389 1134 439 abest,
1177 388 1372 430 introiit.
1435 388 1729 444 Repertoque
1760 388 1877 440 loco,

377 452 425 492 in
466 464 556 504 quo
597 452 700 505 tyro
738 449 913 491 Christi
954 449 1201 499 habitaret,
1250 449 1298 490 et
1345 447 1527 490 celestis
1574 448 1745 491 milicie
1789 447 1878 490 ful-

377 512 562 564 gentem
590 522 745 551 ensem
771 508 997 558 baiulans,
1031 522 1121 563 quo
1148 509 1295 550 ostem
1322 507 1632 550 adversarium
1659 507 1878 550 bellando

376 568 635 624 repelleret,
668 582 809 610 ovans
840 569 1041 611 resedita
1071 567 1151 609 ibi.
1203 566 1298 608 Ubi
1323 567 1462 609 etiam
1490 569 1590 609 erat
1616 569 1796 623 puteus,
1827 567 1879 610 in

377 643 467 683 quo
500 641 686 683 serpens
726 628 850 670 inter
882 628 1064 670 deserta
1095 627 1272 682 positus
1305 627 1564 669 habitabat.
1628 626 1730 679 Quo
1762 640 1879 670 com·
1907 641 1929 668 ε

377 690 522 743 perto,
557 701 662 730 cum
694 687 928 729 sodalibus
961 682 1047 729 adb
1076 689 1269 742 puteum
1292 686 1432 736 venit,
1457 686 1648 741 Deoque
1669 686 1878 730 oratione

376 750 577 803 peracta,
612 749 831 802 puteume
860 761 950 802 quo
983 748 1167 802 poterat
1193 746 1329 788 modo
1357 747 1414 788 de
1445 746 1677 788 industria
1706 746 1879 801 inquie-

375 807 496 848 tavit
528 821 580 849 ac
614 807 829 862 deinceps
856 808 1117 861 serpentem
1148 806 1362 847 nocivum
1394 808 1627 848 mortuum
1658 806 1878 862 repperit.

375 866 665 921 Abiectoque
688 880 741 908 eo
765 866 926 922 procul
952 881 979 908 a
1004 866 1118 916 loco,
1152 865 1309 920 ibique
1335 861 1634 921 quantisperd
1659 867 1878 918 moratus,
1900 913 1904 918 ,
1994 915 1995 919 ¹

377 926 587 968 cenobiil
618 926 768 968 locum
798 926 1056 968 construxit
1083 927 1130 967 et
1156 927 1421 967 sanctorum
1452 927 1637 981 patrum
1669 925 1880 981 exemplo
1905 939 1942 965 ιο

231 1001 352 1034 ·p.508.
377 986 461 1028 sub
494 986 653 1042 regule
691 987 866 1034 tenore,
912 999 1049 1040 quam
1083 985 1386 1027 custodiendo
1427 985 1716 1040 proficerent,
1761 981 1880 1027 '‘sub·
1984 981 1994 996 “¹

375 1046 544 1088 iectam
578 1045 758 1101 plebem
794 1046 1038 1087 constituit
1070 1046 1129 1094 et,
1169 1047 1223 1086 ut
1255 1045 1604 1100 precedencium
1638 1045 1880 1087 monacho—

375 1119 478 1146 rum
512 1105 667 1147 studia
698 1105 926 1146 imitando
963 1106 1352 1160 prosequerentur
1384 1106 1432 1147 et
1463 1104 1646 1147 celestis
1677 1104 1880 1146 antidoti

377 1165 544 1220 pocula
566 1165 816 1220 prebendo,
850 1178 939 1219 quo
963 1167 1258 1220 peccatorum
1285 1164 1435 1206 sanies
1457 1163 1720 1219 pelleretur,
1753 1164 1880 1207 omni
1976 1216 1980 1218 ν

376 1225 482 1266 nisu
514 1226 755 1267 adortatus
789 1227 872 1266 est.
1905 1237 1942 1264 ιε

522 1288 562 1326 3.
611 1284 672 1326 Et
713 1298 817 1326 cum
859 1284 951 1325 iam
992 1283 1163 1339 passim
1194 1283 1282 1325 viri
1315 1283 1404 1326 Dei
1443 1283 1570 1326 fama
1610 1285 1838 1326 cresceret
1849 1283 1877 1334 ²,

378 1344 501 1399 cepit
542 1344 747 1398 undique
789 1343 920 1399 plebs
963 1357 1234 1386 concurrere
1277 1345 1418 1397 atque
1459 1357 1565 1386 eum
1609 1343 1704 1386 suis
1734 1343 1879 1386 famu-

377 1403 551 1445 latibus
592 1404 834 1446 honora-re.
899 1403 1144 1446 Crescente
1186 1417 1295 1458 ergo
1337 1403 1403 1445 ibi
1442 1404 1775 1446 monachorum
1811 1417 1879 1446 ca-

376 1465 520 1514 terva,
564 1463 688 1518 cepit
719 1464 855 1505 anxio
899 1463 1048 1505 cordis
1081 1462 1269 1505 stimulo
1314 1476 1519 1518 pensare,
1561 1463 1674 1518 quid
1713 1461 1880 1505 melius

377 1523 500 1565 foret
538 1523 740 1578 quidque
782 1523 1012 1564 salubrius
1053 1522 1277 1564 mercedis
1318 1522 1504 1564 cumulo
1546 1522 1798 1573 obveniret,
1841 1522 1880 1564 si
1903 1537 1942 1562 20
1978 1559 1979 1562 ,

377 1582 505 1637 plebi
537 1583 816 1624 dominando
849 1584 1052 1637 preesset
1093 1584 1175 1623 aut
1219 1582 1455 1624 subiectus
1487 1581 1590 1624 aliis
1621 1582 1879 1625 obediendo
1991 1583 1994 1586 ’

378 1642 462 1684 sub
487 1642 711 1684 obtentua
738 1642 976 1697 religionis
998 1642 1253 1697 proficeret.
1307 1642 1417 1683 Fuit
1438 1642 1628 1684 tandem
1650 1637 1876 1692 consiliib,

378 1702 543 1744 melius
566 1716 662 1744 esse
685 1702 769 1743 sub
792 1701 977 1743 vinculo
1007 1701 1374 1743 mortificationis
1400 1704 1474 1743 se⁰
1503 1701 1712 1753 subdere,
1739 1715 1879 1757 quam

378 1761 482 1803 aliis
506 1762 776 1817 imperando
804 1757 1078 1803 dominarid.
1132 1761 1192 1802 Et
1219 1775 1323 1803 cum
1350 1761 1592 1816 presertim
1617 1761 1730 1817 ipse,
1754 1761 1879 1803 infra

378 1821 763 1863 monasteriorum
790 1823 922 1876 septa
947 1821 1137 1876 positus,
1171 1820 1397 1875 regularis
1424 1821 1642 1864 materie⁰
1670 1835 1878 1863 normam
1903 1833 1942 1860 2⁵
1978 1846 1979 1850 =

378 1883 517 1935 atque
550 1881 902 1936 precedencium
943 1883 1128 1936 patrum
1167 1880 1460 1935 disciplinam
1493 1881 1578 1923 sub
1610 1880 1879 1923 obediencie
1992 1875 1995 1886 '

376 1940 528 1995 rigore
559 1954 850 1995 nequaquam
876 1940 1104 1990 didicerit,
1138 1940 1216 1982 sed
1242 1940 1566 1982 tantummodo
1592 1940 1714 1996 quod
1739 1939 1879 1983 lectio

377 2000 450 2042 vel
471 2000 598 2041 fama
618 2000 856 2055 religionis
873 1999 947 2042 vel
970 2000 1098 2042 cordi
1118 2000 1365 2042 inseruerit
1382 2000 1455 2043 vel
1477 2000 1578 2042 auri
1595 1995 1877 2051 advexeritf,

376 2060 636 2115 postposita
661 2059 1073 2115 percunctationeg
1099 2062 1238 2114 atque
1260 2060 1386 2102 omni
1407 2060 1727 2115 ambiguitate,
1755 2059 1879 2115 cepit

376 2133 566 2174 querere
619 2133 758 2170 arma,
812 2119 978 2174 quibus
1031 2119 1175 2174 possit
1222 2119 1431 2161 subiecta
1477 2119 1683 2162 membra
1732 2119 1876 2162 tueri:
1903 2133 1941 2166 ³9
1981 2124 1997 2173 13}

136 2171 591 2241 nph.‡;²f'16.1⁷.clipeum‚
624 2193 714 2234 quo
748 2179 1023 2221 diabolicam
1057 2181 1205 2221 artem
1235 2179 1416 2230 vitaret,
1458 2179 1605 2234 galea,
1647 2193 1738 2234 qua
1770 2179 1878 2221 fidei
1986 2176 1997 2186 '¹

377 2241 518 2293 caput
568 2239 767 2281 inlesum
820 2240 1042 2290 servaret,
1097 2233 1408 2300 mucronemh,
1471 2253 1560 2294 quo
1619 2238 1877 2281 mundiales

377 2312 551 2340 errores
584 2300 827 2348 coerceret,
860 2299 1134 2353 impinget¹.

520 2361 560 2398 4.
603 2358 807 2400 Tandem
839 2358 1158 2412 religiosorum
1186 2371 1334 2400 mores
1366 2358 1646 2414 perquirens,
1679 2358 1739 2400 ad
1767 2357 1876 2399 Liri-

376 2430 517 2460 nense
559 2418 887 2459 monasterium
930 2418 1153 2472 pervenit,
1200 2418 1282 2460 ubi
1320 2419 1434 2460 tunc
1474 2417 1752 2460 venerabilis
1785 2417 1875 2460 Ho-
1902 2431 1939 2457 εὖ

590 2533 681 2564 capp.
704 2533 795 2558 2—4.
834 2533 896 2560 ΑΞ.

471 2602 473 2604 ’
518 2605 599 2636 Cap.
622 2606 646 2631 2.
687 2604 715 2638 a)
741 2603 856 2629 recedit
874 2604 937 2629 A2.
1013 2604 1043 2635 b)
1072 2605 1151 2637 apud
1171 2607 1251 2630 teum
1270 2605 1333 2631 Aa
1409 2605 1436 2637 c)
1464 2607 1518 2637 put
1537 2607 1618 2631 teum
1637 2604 1700 2632 Aa
1776 2605 1806 2637 d)
1834 2605 1877 2630 ita

373 2641 478 2672 scripsi
485 2648 496 2671 ;
520 2641 736 2672 aliquantisper
755 2643 954 2665 commoratus
974 2639 1035 2666 A2.

517 2683 598 2713 Cap.
617 2682 642 2708 3.
689 2682 717 2714 a)
746 2682 788 2706 ita
806 2682 842 2708 Β.
864 2681 903 2711 0,·
931 2681 1013 2706 cultu
1038 2681 1106 2706 A2:
1137 2682 1192 2707 sub
1222 2682 1347 2707 obtentu
1376 2682 1535 2713 relegionis
1563 2682 1649 2708 aiam
1676 2682 1758 2710 infra
1784 2690 1808 2708 σ.
1829 2682 1874 2708 12.

373 2718 404 2746 b)
423 2718 465 2742 ita
483 2718 518 2743 B.
542 2718 581 2748 0;
605 2718 761 2743 consilium
782 2721 815 2742 ut
834 2718 939 2742 melius
959 2720 1037 2743 esset
1062 2724 1094 2742 se
1114 2718 1167 2742 sub
1187 2718 1251 2743 ΑΞ.
1327 2719 1355 2750 c)
1383 2719 1425 2743 ita
1443 2718 1479 2744 B.
1501 2718 1541 2750 C';
1568 2726 1608 2746 m.
1626 2717 1790 2744 subcedere
1809 2717 1872 2745 Aa
1899 2715 1936 2742 40

374 2753 404 2787 d)
426 2753 537 2779 dfii'ari
555 2755 619 2779 Α2.
677 2758 705 2784 e)
724 2753 874 2778 machel-ie
893 2753 956 2778 ΔΞ.
1019 2753 1043 2786 1)
1062 2753 1200 2779 avexerit
1218 2754 1281 2779 ΑΞ.
1347 2753 1376 2787 g)
1396 2754 1621 2786 percuctatione
1640 2753 1703 2782 A2,
1768 2754 1800 2787 h)
1820 2761 1875 2779 nu-

374 2790 517 2815 chronem
536 2790 599 2815 A2.
673 2790 695 2823 i)
720 2790 762 2814 ita
780 2789 843 2814 A2.

375 2885 410 2927 1)
439 2883 867 2918 Moutier-Saint-Jean
898 2884 995 2916 circa
1021 2884 1041 2918 7
1068 2883 1170 2916 milia
1203 2895 1227 2917 a
1252 2884 1380 2918 Semur
1404 2888 1523 2919 castro
1557 2883 1661 2920 abest.
1759 2884 1797 2928 2)
1831 2883 1872 2919 V.

374 2931 585 2965 Columbani
609 2931 641 2974 I,
661 2933 724 2968 18:
753 2929 928 2965 Creverat
953 2930 1027 2964 iam
1052 2930 1185 2975 passim
1211 2930 1310 2965 fama
1335 2931 1451 2965 sancti
1477 2931 1556 2967 viri.
