2008 3302
393 274 463 310 104
676 268 845 314 IONAS,
862 266 1025 303 VITAE
1050 265 1359 302 GOLUMBANI
1381 264 1528 301 LIBRI
1551 265 1605 302 Π.

533 391 578 434 Β
603 387 671 446 la)
725 389 864 433 Codex
914 386 1290 432 Taurinensis
1341 386 1612 430 bibliothecae
1656 386 1894 432 nationalis

391 452 490 494 FI
497 450 541 505 V,
566 455 620 492 26
664 448 814 503 (antea
854 462 897 490 n.
931 447 1023 501 20),
1065 461 1172 490 saec.
1209 446 1268 488 X.
1300 445 1376 500 in.,
1425 445 1526 488 olim
1565 447 1706 490 Liber
1744 449 1894 491 saneti

390 507 528 570 -1
550 509 827 553 Columbani
849 509 904 550 de
927 507 1087 559 Bobio‚
1114 505 1224 549 sicut
1241 520 1296 548 m.
1318 519 1426 548 saec.
1452 505 1588 548 XIV.
1609 505 1659 549 in
1679 505 1895 561 superiore

390 585 527 625 mai-q.
560 569 634 622 fol.
661 573 698 610 1.
732 566 964 621 adnotavit,
997 570 1219 619 utrumque
1241 565 1376 608 Ionae
1405 564 1562 608 librum
1587 564 1781 609 omnibus
1803 565 1894 619 fere

392 629 583 674 numeris
606 627 844 683 perfectum
876 625 1071 669 continet.
1137 625 1297 668 Insunt
1326 624 1464 667 enim:

533 688 609 741 fol.
637 692 718 729 1-
732 686 817 729 36‘.
861 686 908 729 V.
949 684 1212 738 Columbani,
1255 683 1324 727 cui
1364 683 1592 728 laterculus
1632 683 1817 739 capitum
1856 689 1896 728 et

679 746 861 802 hymnus
883 744 1098 800 posterior
1128 745 1289 797 desunt,

534 807 609 860 fol.
633 806 847 848 36¹—42.
891 805 939 848 V.
972 804 1158 847 Athalae
1190 802 1283 857 (II,
1312 801 1470 857 1—6),

535 865 609 920 fol.
633 863 857 908 42—49‘.
899 864 948 908 V.
981 863 1170 916 Bertulfi
1202 861 1295 916 (II,
1320 863 1547 918 23—25),
1972 890 1975 891 γ

534 926 610 979 fol.
634 923 766 967 49‘—
778 927 849 966 58.
892 922 938 965 V.
970 922 1171 966 Eustasii
1204 919 1293 976 (II,
1320 921 1498 978 7—10),
1921 942 1954 968 10
1986 979 1988 982 Ι

535 985 611 1038 fol.
635 988 691 1026 58
703 983 849 1026 —70‘.
891 982 1118 1026 Miracula
1148 981 1462 1025 Evoriacensia
1494 980 1588 1036 (II,
1616 980 1833 1036 11—22),
1973 987 1988 1034 ’ζ

535 1043 610 1097 fol.
637 1042 840 1086 70‘—72.
884 1043 1042 1086 Versus
1072 1042 1123 1084 de
1147 1041 1367 1084 Bobuleno
1399 1042 1459 1084 ad
1486 1041 1599 1085 hunc
1630 1040 1786 1086 librum
1811 1041 1892 1086 SS.

679 1102 735 1146 R.
768 1102 935 1145 Merov.
967 1101 1054 1155 IV,
1079 1116 1127 1155 p.
1154 1104 1237 1143 153
1255 1114 1343 1155 sqq.
1376 1100 1491 1155 editi,
1984 1125 1986 1150 5

534 1163 609 1216 fol.
631 1165 855 1204 72—125.
883 1161 932 1205 V.
949 1161 994 1204 S.
1016 1160 1136 1204 Galli
1156 1164 1325 1204 auctore
1346 1159 1627 1214 Walahfrido
1649 1157 1788 1216 (nobis
1805 1159 1894 1218 3a),
1974 1211 1980 1215 ,

679 1235 808 1276 quam
838 1235 983 1264 versus
1013 1220 1323 1275 subsequuntur
1354 1219 1424 1263 hi:
1921 1239 1955 1266 ιε,

527 1282 722 1325 Aeterni
753 1281 954 1337 genitrix
984 1281 1118 1336 regis,
1151 1280 1252 1331 tibi,
1286 1281 1416 1336 virgo
1448 1280 1610 1331 Maria,

527 1342 668 1384 Hunc
700 1341 998 1383 Amalfredus
1029 1340 1199 1382 librum
1232 1342 1483 1396 sanctoque
1516 1339 1770 1384 Columbae
1824 1351 1827 1353 '

529 1401 692 1452 Offert,
726 1400 895 1443 salvari
927 1401 1178 1456 deprecans
1211 1413 1401 1442 munere
1432 1401 1599 1442 vestro.

394 1460 622 1514 Scriptura
653 1459 847 1514 paginae
879 1458 1051 1513 primae
1091 1457 1276 1501 evanida
1306 1472 1439 1501 manu
1477 1457 1708 1502 recentiore
1738 1462 1897 1502 restam-

394 1524 494 1563 rata
525 1524 597 1562 est.
1922 1538 1958 1566 20

536 1591 582 1633 Β
606 1587 694 1646 1α*)
744 1589 883 1633 Codeoe
924 1588 1191 1633 bibliothecae
1232 1588 1396 1632 comitis
1436 1590 1486 1632 de
1525 1588 1810 1633 Leicester
1848 1589 1897 1634 in
1946 1590 1951 1592 ’

394 1650 663 1694 Holhham
684 1650 821 1693 Hall
844 1647 1068 1704 (Norfolh)
1091 1653 1334 1692 asservatae
1354 1663 1397 1691 n.
1420 1652 1516 1703 129,
1539 1662 1646 1692 saec.
1667 1645 1895 1704 XIJXH,

394 1710 493 1753 olim
515 1709 731 1752 Iohannis
751 1708 977 1763 Baptistae
999 1710 1048 1751 de
1068 1708 1332 1762 Liqnamine
1352 1707 1535 1762 episcopi
1557 1707 1894 1764 Concordiensis,
1970 1712 1979 1730 ³

394 1783 474 1823 quo
519 1773 682 1812 mortuo
727 1784 768 1811 a.
806 1772 932 1811 1455.
979 1767 1198 1811 monachis
1246 1768 1291 1811 S.
1324 1767 1540 1810 Iohannis
1581 1767 1631 1811 in
1670 1767 1897 1812 Viridario

394 1829 608 1872 Paduano
638 1828 763 1882 venit,
796 1827 968 1882 ideoque
999 1826 1169 1870 Italicis
1199 1828 1562 1882 adnumerandus,
1593 1827 1670 1880 fol.
1693 1831 1894 1882 35—55,
1920 1844 1956 1872 ιε

395 1888 583 1931 lemmate
616 1887 883 1942 praescripto
923 1885 1021 1930 hoc:
1069 1888 1244 1944 Incipit
1283 1888 1382 1930 vita
1428 1887 1578 1930 saneti
1619 1887 1896 1932 Columbani

394 1949 576 1991 abbatis
607 1946 744 1990 medio
783 1946 833 1989 in
864 1946 1000 2000 capite
1031 1947 1071 2000 I,
1101 1951 1139 2000 2,
1172 1946 1331 1990 scilicet
1361 1962 1389 1990 a
1419 1945 1559 1990 verbis
1589 1947 1741 1990 Natus
1772 1961 1894 2004 ergo,

392 2006 545 2061 incipit
591 2011 762 2061 arteque
808 2021 902 2049 cum
940 2006 986 2048 Β
1006 2010 1060 2049 1α
1100 2006 1349 2049 coniunctus
1395 2010 1467 2049 est.
1529 2004 1897 2062 Praescriptiones

393 2067 578 2120 capitum
610 2066 910 2109 desiderantur
940 2066 1132 2120 solusque
1164 2065 1270 2108 liber
1291 2065 1421 2120 prior
1451 2065 1585 2109 codici
1614 2064 1737 2110 inest.

538 2125 786 2179 ‚Scripturae
818 2124 1027 2179 specimen
1057 2125 1173 2168 dedit
1201 2125 1380 2168 Lawlor
1410 2126 1494 2168 tab.
1530 2125 1620 2168 XI.
1669 2163 1671 2166 ,
1921 2143 1956 2171 so
1980 2146 1991 2177 ᾼ

535 2197 581 2239 Β
606 2196 670 2252 lb)
725 2196 864 2240 Codex
914 2196 1287 2240 Taurinensis
1338 2195 1611 2240 bibliothecae
1660 2196 1897 2241 nationalis

393 2257 442 2299 F
458 2256 545 2310 IV,
573 2261 639 2311 12,
673 2271 781 2299 saec.
807 2256 866 2298 X.
890 2270 953 2299 ex.
987 2255 1298 2311 opulentissime
1329 2260 1532 2299 exaratus
1562 2256 1612 2300 in
1641 2256 1897 2300 monasterio

393 2315 613 2370 Bobiensi,
646 2315 720 2359 ubi
750 2330 793 2358 n.
821 2320 918 2359 150.
950 2315 1146 2370 siqnatus
1176 2320 1270 2359 erat
1282 2317 1310 2369 ²,
1335 2315 1481 2370 primo
1511 2315 1587 2368 fol.
1614 2319 1673 2358 1⁸.
1701 2313 1896 2360 lb—53‘.

403 2375 546 2418 Vitam
563 2374 814 2418 Golumbani
829 2376 962 2418 solam
977 2389 1069 2418 una
1085 2389 1178 2418 cum
1194 2375 1458 2418 carminibus
1474 2375 1723 2430 continebat,
1740 2379 1896 2420 teoetum

393 2433 552 2477 scilicet
582 2434 683 2476 libri
706 2434 752 2476 Β
772 2440 827 2477 la
848 2433 1113 2488 persimilem
1144 2448 1275 2489 neque
1305 2448 1403 2477 vero
1428 2448 1480 2477 ex
1509 2434 1603 2489 ipso
1627 2434 1894 2490 descriptum,
1921 2451 1955 2480 ³5

395 2551 431 2595 1)
469 2549 649 2585 Numerus
683 2551 732 2585 ad
765 2551 1006 2584 inventarium
1039 2561 1072 2586 a.
1101 2551 1204 2586 1461.
1237 2552 1392 2595 pertinet
1402 2561 1418 2592 ,·
1468 2551 1516 2593 cf.
1553 2551 1684 2595 Ottino,
1720 2552 1760 2586 ‘I
1787 2552 1898 2587 codici

394 2597 560 2632 Bobbiesi
590 2598 685 2632 nella
719 2598 913 2632 Biblioteca
946 2598 1137 2632 nazionale
1173 2599 1212 2632 di
1252 2598 1409 2642 Torino',
1446 2598 1606 2632 Taurini
1638 2601 1742 2643 1890,
1773 2611 1811 2645 p.
1837 2601 1894 2637 37.

393 2645 432 2690 2)
456 2645 559 2680 Folio
579 2645 747 2690 praefixo
772 2645 858 2679 haec
882 2646 1068 2690 adscripta
1091 2649 1198 2680 sunt:
1233 2645 1345 2680 Anno
1378 2645 1528 2680 Domini
1563 2647 1708 2683 16201120
1741 2646 1896 2683 domnus

393 2691 600 2737 Stephanus
625 2691 766 2727 Martin
789 2692 979 2738 religiosus
1004 2693 1042 2727 in
1068 2693 1203 2728 celebri
1227 2692 1378 2728 abbatia
1402 2693 1519 2728 sancti
1543 2692 1647 2728 Petri
1663 2693 1710 2729 de
1725 2693 1895 2731 Luxovio

394 2742 432 2775 et
459 2739 676 2776 Guilielmus
694 2739 809 2775 Valot
832 2739 1026 2785 presbyter
1051 2740 1127 2775 eius
1153 2751 1286 2786 comes,
1323 2740 1411 2775 dieti
1437 2740 1596 2776 Luxovii
1621 2741 1824 2787 familia-is,
1857 2741 1896 2779 in
1918 2749 1956 2776 ιο

393 2786 553 2822 Bobium
579 2799 747 2833 expresse
770 2787 995 2833 peregrinati
1021 2790 1114 2832 sunt,
1141 2791 1182 2822 ut
1204 2799 1336 2833 eorpus
1354 2788 1430 2823 divi
1447 2787 1667 2824 columbani
1687 2789 1895 2827 inviserent.

394 2834 479 2871 Huc
505 2838 628 2871 autem
655 2836 850 2880 apulerunt
875 2835 934 2870 die
956 2835 1141 2870 dominica
1162 2835 1356 2871 undecima
1377 2835 1511 2871 mensis
1529 2835 1701 2872 Octobris
1717 2838 1760 2872 ut
1775 2848 1894 2883 supra.
1974 2879 1976 2882 ¹

647 2882 752 2918 Felix
776 2882 985 2918 Luxovium
1010 2894 1156 2918 servans
1181 2883 1402 2918 documenta
1427 2882 1640 2928 Columbae,

648 2930 808 2966 Felicior
832 2930 993 2966 Bobium
1018 2931 1180 2976 corporis
1205 2942 1285 2966 ossa
1309 2934 1449 2968 tenens,

1974 2698 2003 3004 ἓ

1963 3121 2008 3302 i
