2008 3302
23 670 42 710 u

20 715 46 880 ξ
353 779 560 845 VITA
610 780 1049 847 IOHANNIS
1093 784 1212 848 AB
1222 785 1480 851 BATIS

18 885 35 995 ξ’
607 877 726 943 RE
736 878 1228 946 OMAENSIS.

19 996 37 1047 ’ᾗ
289 1004 526 1063 ⁸Iohannis
564 1019 871 1064 monasterium
901 1020 952 1063 in
987 1021 1302 1066 Ternodorensi
1334 1037 1450 1078 paqo
1482 1023 1667 1069 civitatis
1709 1052 1817 1086 111,1›·
1827 1055 1892 1081 502,

18 1043 37 1138 ἔ
160 1078 452 1135 Linyonensis
490 1079 605 1122 inter
634 1079 988 1124 Hormentionem
1027 1085 1064 1123 et
1097 1081 1302 1124 Sidenam
1341 1083 1499 1134 fluvios
1538 1085 1666 1128 situm

18 1143 34 1191 4
110 1156 130 1183 5
160 1142 254 1182 erat
292 1138 391 1193 loco,
432 1139 508 1194 qui
548 1139 650 1182 olim
690 1139 905 1184 Reomaus
944 1141 1186 1184 vocabatur.
1268 1142 1357 1186 Ubi
1396 1157 1488 1186 eum
1528 1145 1666 1188 Ionas

18 1198 33 1225 ³³
159 1197 292 1242 abbas
315 1198 422 1255 cycli
452 1199 694 1242 Victoriani
718 1199 887 1254 repetiti
911 1215 952 1243 a.
980 1204 1077 1254 100,
1109 1200 1141 1243 i.
1168 1215 1202 1243 e.
1218 1216 1269 1267 Ρ.
1299 1201 1400 1245 Chr.
1427 1218 1470 1246 n.
1498 1218 1538 1246 a.
1564 1208 1663 1259 659,

18 1252 24 1282 ³
157 1272 298 1302 mense
339 1259 582 1313 Novembri,
624 1259 807 1314 itineris,
849 1261 962 1314 quod
998 1235 1243 1304 Chlothaiii
1282 1262 1395 1315 reqis
1434 1263 1666 1318 matrisque

158 1317 250 1361 eius
279 1318 520 1362 Balthilolis
550 1319 671 1362 iussu
709 1319 977 1363 Cabillonum
1008 1320 1205 1374 faciebat,
1239 1321 1382 1364 labore
1411 1322 1551 1374 fessus
1579 1338 1663 1378 per

21 1415 32 1430 ,
150 1391 318 1445 paucos
338 1378 428 1422 dies
444 1378 684 1433 quiesceret,
706 1379 898 1432 fratrum
911 1379 1112 1434 precibus
1128 1380 1274 1434 victus,
1297 1382 1436 1424 sancti
1456 1384 1663 1426 actualem

20 1430 32 1485 ἓ
99 1452 134 1478 ιο
157 1436 289 1482 vitam
319 1437 638 1493 spiritalemque
663 1439 1062 1494 contemplationem,
1095 1415 1306 1494 quidquid
1326 1455 1409 1495 per
1432 1442 1663 1496 discipulos

30 1499 31 1510 ²
148 1501 422 1553 posterosque
473 1503 727 1553 compertum
778 1503 891 1554 erat,
952 1499 1105 1542 litteris
1154 1500 1377 1543 mandavit
1427 1501 1662 1556 librumque

157 1557 381 1602 Hunnani
411 1557 549 1613 ipsius
578 1558 830 1602 monasterii
860 1559 1006 1602 abbati
1036 1559 1208 1603 dicavit.

300 1617 521 1661 Iohannes
551 1632 597 1661 eo
638 1623 735 1662 teste
773 1618 824 1662 in
853 1619 1016 1672 finibus
1052 1620 1271 1662 Ternodoo
1272 1635 1386 1663 ensis
1426 1621 1569 1667 castri.
1611 1621 1660 1665 in

155 1676 262 1720 villa
303 1691 412 1732 quae
458 1677 779 1732 Quartaniacus
823 1679 1053 1722 vocabatur
1091 1681 1152 1722 ad
1188 1679 1431 1723 Bridenam
1477 1681 1660 1734 fluvium

98 1752 132 1778 15
156 1736 241 1780 sita
287 1751 316 1781 a
357 1738 614 1793 parentibus
658 1753 747 1781 non
793 1738 1059 1794 iqnobilibus,
1104 1743 1232 1793 patre
1278 1740 1471 1795 Hilario,
1523 1745 1659 1784 matie

162 1796 313 1851 Quieta
359 1801 476 1841 ortus
521 1802 626 1852 erat,
674 1812 892 1853 annosque
937 1798 1107 1842 circiter
1147 1804 1202 1841 20
1250 1804 1389 1854 natus,
1428 1805 1659 1856 postquam

145 1870 412 1912 perparvum
450 1857 500 1900 in
539 1858 681 1901 natali
711 1859 798 1901 solo
829 1858 1063 1901 oratorium
1095 1859 1296 1912 condidit,
1338 1860 1492 1902 saltum
1533 1860 1655 1913 adiit,

154 1930 275 1971 quem
297 1921 448 1972 postea
477 1918 781 1961 monasterium
812 1920 1051 1973 occupabat.
1116 1919 1356 1962 Monachos
1393 1933 1438 1962 eo
1468 1919 1657 1973 undique

154 1977 413 2029 confluentes
442 1978 614 2032 reyulae
644 1977 821 2022 subiecit
830 1993 847 2032 ,·
888 1982 1092 2021 crescente
1124 1982 1263 2021 autem
1294 1993 1435 2021 eorum
1467 1993 1653 2033 numero,

93 2054 128 2078 20
152 2036 304 2080 melius
333 2036 418 2080 sibi
447 2037 541 2090 fore
572 2042 695 2080 ratus
726 2037 830 2081 aliis
861 2038 1052 2081 oboedire
1082 2052 1210 2092 quam
1241 2038 1469 2092 dominari,
1511 2053 1654 2082 mona-

152 2096 326 2140 sterium
357 2097 532 2152 reliquit
568 2101 608 2140 et
637 2099 698 2141 ad
726 2097 1020 2152 reliqiosorum
1050 2112 1186 2140 mores
1217 2098 1460 2140 accuratius
1483 2098 1653 2152 perqui-

152 2158 307 2199 rendos
351 2157 561 2200 Lerinum
608 2171 651 2200 se
697 2157 892 2211 contulit,
944 2157 1017 2200 ubi
1063 2157 1294 2211 disciplina
1340 2157 1554 2211 reyularis
1598 2158 1653 2200 ab

151 2215 378 2260 Honorato
407 2217 605 2260 instituta
635 2217 864 2261 etiamtunc
893 2217 1087 2269 florebat.
1150 2217 1236 2261 Ubi
1267 2231 1358 2259 cum
1384 2231 1464 2270 per
1489 2232 1653 2260 annum

151 2279 191 2318 et
213 2275 439 2319 dimidium
463 2276 705 2332 incoqnitus
728 2277 946 2320 humiliter
968 2276 1174 2330 servisset,
1202 2277 1254 2319 ab
1280 2277 1446 2319 advena
1471 2278 1652 2331 quodam

91 2352 126 2378 25
151 2335 325 2390 aqnitus
355 2341 396 2379 et
425 2352 453 2380 a
490 2336 699 2391 Greqorio
730 2337 920 2392 episcopo
952 2336 1219 2391 Linqonensi
1259 2337 1318 2378 ad
1346 2336 1651 2379 monasterium

150 2395 394 2439 derelictum
417 2401 635 2440 revocatus
660 2401 744 2439 est:
774 2398 885 2439 duas
908 2396 1022 2439 enim
1045 2396 1118 2438 ille
1142 2395 1343 2450 epistulas
1367 2410 1418 2438 ea
1443 2396 1494 2438 de
1519 2410 1651 2439 causa

149 2454 336 2510 miserat,
377 2471 510 2499 unam
550 2458 610 2499 ad
649 2456 1013 2511 conyreqationem
1043 2455 1332 2508 Lerinensem,
1375 2455 1555 2498 alteram
1592 2457 1653 2498 ad

149 2519 342 2559 sanctum
387 2515 539 2571 ipsum.
610 2516 847 2571 Reyressus
891 2516 1054 2568 fratres
1099 2516 1158 2558 acl
1201 2514 1399 2557 Macarii
1444 2516 1648 2569 requlam,

149 2574 369 2619 assistente
398 2575 614 2619 Filomere
644 2575 861 2629 monacho,
903 2576 1119 2628 educabat,
1161 2574 1317 2618 scilicet
1346 2578 1393 2616 ut
1423 2574 1649 2618 laboriosis

89 2650 124 2676 30
149 2635 343 2689 operibus
389 2635 521 2679 dediti
568 2636 660 2679 loca
704 2636 895 2678 saltuosa
941 2635 1108 2677 cultura
1153 2635 1376 2676 redderent
1416 2633 1645 2686 fertiliora.

147 2695 358 2750 Exempla
387 2695 514 2739 istius
545 2695 706 2738 laboris
746 2695 794 2737 in
824 2694 1046 2737 miraculis
1077 2693 1332 2746 afferuntur,
1374 2707 1481 2747 quae
1514 2697 1647 2747 poste-

146 2753 304 2798 riorem
335 2754 457 2799 Vitae
479 2759 651 2809 partem
670 2754 940 2809 potissimum
967 2757 1181 2806 occupant,
1214 2752 1354 2806 ibique
1380 2752 1507 2795 etiam
1532 2757 1647 2795 certa

146 2818 379 2870 temporum
419 2814 585 2858 indicia
625 2813 1004 2868 deprehenduntur,
1046 2812 1205 2855 scilicet
1235 2811 1443 2855 Nicasius
1485 2811 1647 2855 ‘curam

147 2874 212 2917 rei
245 2874 442 2928 publicae
473 2873 801 2917 administrans’
835 2872 884 2925 (c.
917 2871 999 2926 11),
1040 2871 1132 2914 sine
1163 2871 1290 2915 dubio
1321 2885 1454 2914 comes
1484 2872 1647 2915 castelli

215 2956 230 2981 1
232 2963 316 2982 ooooo
1358 2941 1404 2977 21
