2008 3302
11 614 20 662 1.

20 969 102 1001 ,10

15 1260 31 1283 ··’
66 1266 102 1294 15

67 1912 102 1939 25

68 2390 104 2417 35

411 272 581 319 IONAS,
598 273 763 311 VITAE
788 274 1095 312 OOLUMBANI
1118 275 1264 312 LIBRI
1287 275 1339 314 11.
1580 279 1625 314 41

125 399 378 451 Bobolenus,
411 397 449 441 si
471 402 622 452 poetae
651 398 781 441 multo
803 397 1036 453 posteriori
1067 400 1234 442 credere
1263 399 1337 452 fas
1357 403 1428 454 est,
1461 401 1515 442 ab
1535 399 1629 454 ipso

134 458 391 504 Columbano
421 458 588 500 edoctus
618 457 731 501 inter
760 457 924 510 fratres
953 458 1125 511 fortiter
1147 458 1349 502 manibus
1372 460 1630 514 operabatur

125 517 339 572 similique
364 516 549 561 curandi
571 516 719 571 qratia
734 517 933 572 pollebat,
965 518 1030 561 ita
1053 522 1101 561 ut
1125 518 1324 562 monachi
1344 523 1467 562 artus
1487 519 1629 574 lapide

119 577 340 634 praecisos
370 576 589 620 restituere
610 581 755 631 posset
767 577 794 619 ¹.

276 648 561 692 Golumbanus
620 648 897 692 Theudeberti
957 663 1135 704 reynum
1196 649 1414 704 inyressus
1466 665 1630 706 payum

125 708 352 764 Brieyium
382 707 610 762 villamque
639 707 968 762 Pipimisiacum
1008 708 1126 752 circa
1165 711 1325 753 duobus
1363 710 1536 754 milibus
1575 712 1629 755 ab

126 767 276 824 oppido
322 767 541 811 Meldensi
591 767 817 811 distantem
863 768 1080 823 attiyerat,
1129 783 1258 823 quam
1310 769 1631 825 Obaynericus²

126 827 302 873 conviva
331 827 446 883 reyis
486 842 580 871 cum
610 827 895 882 Leudeyunde
933 842 1066 872 uxore
1105 828 1388 872 inhabitabat.
1460 830 1529 873 Ab
1569 831 1631 874 eis

124 902 286 932 summo
336 901 430 931 cum
471 887 633 942 yaudio
678 891 866 942 receptus
911 888 1107 943 omnique
1158 889 1347 932 subsidio
1396 889 1631 934 instructus

125 947 399 992 benedixerat
436 951 563 990 totam
603 948 772 990 domum
810 947 1044 1002 liberosque
1082 948 1167 992 sibi
1205 949 1269 992 ita
1315 949 1628 1004 conciliaverat,

124 1012 172 1052 ut
197 1021 341 1051 omnes
362 1011 514 1062 postea
545 1006 737 1050 ordinem
767 1007 1093 1051 ecclesiasticum
1123 1008 1338 1064 eleyerint.
1394 1009 1630 1064 Ohaynoal-

125 1069 206 1111 dus
241 1067 367 1121 enim,
408 1080 530 1121 quem
569 1066 815 1110 ministrum
853 1066 941 1122 ipsi
979 1069 1100 1124 apud
1128 1068 1413 1124 Briyantiam
1451 1069 1630 1113 servisse

125 1141 259 1183 supra
289 1126 620 1181 commemoravi,
662 1141 715 1170 ex
743 1127 949 1170 monacho
980 1128 1243 1172 Luxoviensi
1274 1133 1424 1183 postea
1457 1130 1629 1173 Laudu-

125 1201 297 1230 nensem
326 1186 608 1241 episcopatum
639 1187 816 1241 adeptus
836 1191 922 1241 est,·
940 1187 1313 1242 Buryundofaro³
1334 1193 1473 1232 autem
1492 1191 1630 1233 sedem

125 1246 390 1290 Meldensem
430 1246 659 1300 occupavit.
731 1246 930 1301 Denique
960 1247 1080 1290 Bur
1086 1262 1191 1303 qun
1204 1249 1234 1291 d
1242 1249 1306 1302 of
1307 1263 1479 1303 aram,
1522 1263 1631 1303 quae

125 1307 249 1362 vulyo
279 1307 407 1349 Fara
437 1306 689 1360 appellatur,
731 1306 763 1349 i.
797 1321 830 1349 e.
866 1306 1137 1362 ‘yenealoyia,
1168 1308 1448 1363 qeneratio'4,
1489 1309 1631 1362 filiam

132 1366 417 1410 Columbanus
463 1365 710 1408 benedicens
748 1366 938 1409 Domino
984 1372 1165 1422 voverat,
1214 1369 1288 1410 sed
1325 1372 1454 1422 pater
1492 1373 1632 1412 votum

124 1425 300 1469 minime
345 1439 505 1469 curans
549 1440 643 1468 eam
688 1425 870 1468 invitam
910 1426 1044 1469 alicui
1082 1428 1375 1482 desponderat.
1447 1428 1631 1472 Factum

125 1490 187 1530 est
215 1489 366 1539 autem,
398 1489 447 1528 ut
466 1485 700 1528 Eustasius
730 1486 862 1528 abbas
882 1487 943 1529 ad
969 1485 1265 1529 Oblotbarium
1286 1501 1425 1542 reyem
1447 1502 1632 1543 peryens

133 1543 409 1601 Okaynoaldo
445 1545 591 1589 comite
629 1543 888 1600 Cbaynerici
928 1547 1096 1589 domum
1131 1546 1340 1590 visitaret.
1412 1547 1498 1592 Ubi
1538 1562 1631 1591 cum

125 1605 175 1649 in
197 1605 390 1661 puellam
419 1604 643 1649 incidisset
665 1605 881 1648 oculorum
902 1606 1043 1649 dolore
1062 1606 1334 1661 febribusque
1355 1608 1630 1662 laborantem,

125 1665 175 1709 in
218 1669 388 1720 patrem
437 1665 699 1708 vehementer
742 1665 950 1720 invectus,
1004 1666 1130 1720 quasi
1175 1667 1315 1710 sancti
1359 1667 1632 1711 interdictum

126 1725 364 1768 violaturus
394 1729 509 1779 esset,
542 1725 617 1768 illo
647 1725 919 1779 promittente
957 1726 1064 1780 fore,
1106 1731 1154 1769 ut
1191 1726 1298 1769 votis
1331 1727 1513 1782 *puellae
1545 1742 1632 1770 non
1659 1747 1674 1763 ι·

126 1784 312 1840 amplius
361 1784 596 1839 obsisteret,
658 1784 798 1839 ipsam
848 1785 979 1838 facile
1030 1787 1091 1830 ad
1138 1786 1366 1830 sanitatem
1416 1801 1632 1831 revocasse

126 1904 272 1947 vestiqia
288 1904 370 1947 fert,
393 1913 485 1948 quae
504 1914 614 1947 neque
631 1902 783 1937 librarii
803 1913 912 1947 neque
935 1904 1087 1938 editores
1110 1905 1322 1939 intelleaeisse
1337 1906 1523 1949 videntur;
1547 1906 1632 1948 finis

126 1961 208 1987 vero
231 1954 358 1986 misere
380 1951 598 1996 depravatus
630 1951 932 1995 interpolatusque
960 1956 1021 1996 est,
1057 1963 1144 1986 nam
1174 1963 1245 1996 pro
1270 1952 1424 1988 ducibus
1458 1952 1632 1998 gentique

127 2002 273 2034 nostrae
305 2000 397 2034 siout
430 1998 523 2032 alibi
553 2000 607 2033 ita
640 1999 804 2033 hocloco
837 1999 1062 2034 scribendum
1087 2004 1136 2034 est
1160 1999 1314 2036 ducibus
1347 2001 1405 2035 vel
1440 2000 1632 2046 agentibus

126 2046 260 2082 nostris
284 2048 355 2090 (ita
380 2050 611 2092 praeceptum
640 2048 753 2092 prius
777 2047 1003 2091 Adalwaldi)
1028 2051 1132 2092 atque
1155 2049 1286 2082 ultima
1309 2048 1415 2083 verba
1440 2049 1633 2082 admodum

126 2099 288 2140 suspecta
312 2094 378 2130 sed
410 2106 478 2140 pro
507 2096 701 2139 perpetem
725 2093 939 2129 firmitatem
966 2095 1066 2129 anuli
1091 2095 1208 2130 nostri
1232 2095 1394 2142 sigillum
1418 2096 1546 2131 subter
1570 2095 1633 2130 ad-

126 2141 192 2188 figi
217 2142 471 2188 praecepimus
495 2143 594 2177 nullo
618 2142 721 2177 modo
749 2142 945 2185 cohaerent,
975 2144 1036 2177 sed
1069 2147 1303 2187 exspectantur
1327 2145 1418 2178 talia
1443 2145 1569 2188 qualia
1593 2145 1633 2178 in

127 2191 268 2225 chartis
283 2190 438 2235 Ayilulfi
461 2190 643 2234 alteraque
659 2190 869 2224 Adalwaldi
891 2191 944 2224 ita
961 2194 1212 2225 conectuntur:
1238 2191 1410 2236 quatinus
1432 2203 1499 2236 pro
1517 2191 1634 2227 salute

129 2242 166 2274 et
199 2237 398 2273 stabilitate
431 2237 538 2284 regni
570 2237 687 2272 nostri
711 2237 914 2272 Dominum
939 2238 1092 2273 valeatis
1121 2238 1180 2274 die
1212 2242 1398 2284 noctuque
1423 2239 1633 2284 deprecare,

127 2287 252 2321 Etiam
276 2287 484 2320 indictionis
508 2297 680 2320 numerus
703 2286 848 2329 (VIIII
862 2297 936 2330 pro
959 2286 1037 2328 XI)
1069 2291 1169 2321 stare
1193 2289 1313 2332 nequit
1348 2292 1453 2333 atque
1483 2291 1635 2332 propter

128 2338 326 2379 temwum
342 2337 448 2369 notas
463 2335 558 2368 inter
574 2345 609 2368 se
624 2334 866 2368 dissentientes
880 2334 1046 2368 chartam
1063 2336 1159 2368 inter
1170 2337 1321 2379 spurias
1336 2337 1455 2370 reiecit
1468 2336 1632 2379 Chroust,

128 2382 461 2426 ‘Untersuchunyen
495 2382 583 2416 iiber
606 2382 663 2416 die
685 2382 1028 2425 Lanqobardischen
1051 2382 1210 2426 Ko‘niys-
1232 2384 1311 2417 und
1335 2383 1634 2428 Herzoqsurkk.’,

130 2431 235 2474 1888,
263 2442 303 2475 p.
323 2431 404 2474 187,
437 2430 524 2464 dum
548 2431 785 2474 quaestionem
810 2431 849 2464 in
873 2440 1044 2474 suspenso
1068 2431 1239 2475 relinquit
1262 2431 1305 2468 L.
1331 2431 1384 2468 M.
1409 2431 1632 2475 Hartmann,

129 2478 264 2514 ‘Gesclm
290 2477 454 2513 Italiens’
470 2477 525 2522 II,
551 2480 583 2522 1,
603 2489 644 2522 p.
661 2479 743 2514 275.
786 2479 954 2512 Attamen
979 2479 1022 2512 de
1043 2481 1198 2522 qenuino
1222 2479 1334 2514 huius
1360 2481 1546 2524 praecepti
1574 2490 1634 2513 ar-

126 2531 292 2571 mamento
316 2536 394 2560 mea
419 2527 586 2570 opinione
610 2525 775 2559 dubitari
797 2527 861 2560 vix
885 2526 961 2560 licet
986 2531 1092 2571 atque
1114 2538 1230 2562 sermo
1253 2531 1285 2561 et-
1305 2529 1428 2570 forma
1445 2537 1524 2561 eum
1540 2529 1635 2562 veris

128 2585 255 2618 requm
283 2573 608 2617 Lanyobardorum
648 2573 787 2608 chartis
819 2573 921 2608 haud
953 2585 1044 2609 raro
1078 2579 1244 2609 accurate
1276 2577 1497 2619 conveniunt,
1530 2575 1637 2610 veluti

130 2622 215 2656 locis
245 2622 327 2657 his.-
358 2623 495 2656 ‘contra
520 2622 616 2655 hunc
639 2626 804 2656 nostrum
828 2623 1028 2665 yeneralem
1049 2623 1303 2667 praeceptum’,
1339 2626 1449 2657 ‘anno
1482 2623 1635 2665 feliciter

129 2671 219 2714 (lege
253 2670 497 2712 ‘felicissimiv
530 2671 636 2713 reyni
666 2671 787 2704 nostri
812 2671 937 2714 primo
967 2681 1035 2715 per
1068 2671 1260 2705 indictione
1294 2672 1433 2716 [nona]
1458 2671 1632 2712 feliciter-ss

130 2719 223 2752 unde
245 2718 394 2752 chamae
418 2717 522 2760 fidem
546 2717 747 2752 habendam
772 2728 842 2751 esse
861 2728 1080 2761 persuasum
1104 2719 1198 2752 mihi
1220 2723 1279 2754 est.
1356 2719 1392 2761 1)
1420 2719 1477 2761 Cf.
1502 2718 1636 2752 Versus

129 2766 171 2800 de
188 2765 367 2800 Bobuleno
383 2765 516 2809 abbate,
536 2765 612 2801 Sor.
630 2776 703 2801 rer.
720 2765 918 2809 Meroe-inq.
937 2766 1008 2810 IV,
1025 2778 1064 2811 p.
1081 2769 1160 2803 155,
1236 2766 1272 2812 ’2)
1299 2766 1335 2802 V.
1356 2766 1512 2801 Columb.
1530 2766 1562 2807 I,
1575 2767 1634 2802 26.

129 2813 184 2857 II,
203 2815 236 2849 7.
309 2814 347 2857 3)
376 2813 667 2857 Buryundofaro
689 2814 858 2856 pontifex
879 2813 1072 2848 Meldensis
1093 2814 1198 2848 urbis
1222 2825 1298 2847 una
1323 2824 1401 2847 cum
1420 2813 1636 2848 Waldeberto

131 2861 254 2896 abbate
276 2861 512 2895 Luxoviensts
537 2860 692 2894 coenobii
715 2863 812 2895 testis
836 2862 963 2895 aderat
987 2862 1159 2896 miraculi
1182 2863 1222 2895 in
1244 2863 1460 2896 monasterio
1480 2862 1635 2895 Enoria-

130 2911 225 2943 censi
242 2911 396 2954 patrati,
420 2919 530 2953 neque
553 2918 635 2942 vero
659 2909 818 2950 fratrem
835 2920 913 2943 eum
931 2909 1239 2953 Burqundofarae
1255 2910 1367 2952 fuisse
1382 2909 1493 2943 Ionas
1509 2909 1562 2952 II,
1576 2911 1634 2951 21,

130 2959 299 2993 meminit.
396 2957 434 3001 4)
465 2957 504 2993 V.
531 2957 662 2999 Waitz,
690 2956 796 2992 ‘VGJ
814 2956 845 3000 I,
864 2958 910 2993 81
923 2956 946 2992 ³.
