2008 3302
347 244 419 278 322
670 238 837 283 IONAS,
855 236 982 274 VITA
1007 237 1263 274 IOHANNIS
1289 237 1526 277 ABBATIS.

348 361 575 405 Avallonis
591 361 674 414 ille,
697 360 771 414 qui
785 364 883 414 post
904 358 1165 403 Childeberti
1179 364 1352 402 mortem
1370 357 1432 411 (a.
1451 359 1560 414 558)
1584 360 1849 404 Germanum

348 422 585 476 episcopum
631 421 691 462 ad
727 419 968 474 prandium
1013 419 1516 473 invitavit1,eoepeditio
1567 419 1848 463 Theudeberti

347 481 461 535 reqis
482 479 640 523 Italica
668 476 723 531 (c.
750 480 824 535 15)
853 494 893 522 a.
913 483 1013 522 539.
1035 479 1155 544 facta
1174 478 1501 533 pestilentiaque
1523 478 1672 534 yravis
1694 476 1749 531 (c.
1770 479 1846 535 17)

349 555 388 582 a.
414 543 514 582 543.
574 539 680 583 Cum
718 538 935 593 posterius
980 538 1236 581 miraculum
1282 538 1447 581 nullum
1487 542 1738 582 enarratum
1777 538 1846 593 sit,

348 598 577 642 verisimile
617 602 688 652 est,
735 602 930 641 sanctum
961 598 1097 652 paulo
1129 602 1228 651 post
1259 598 1503 651 defunctum
1534 613 1633 653 esse,
1679 598 1712 641 i.
1744 613 1779 642 e.
1812 612 1846 642 c.
1873 615 1891 641 ο

348 673 389 700 a.
414 662 512 712 544,
546 671 677 712 neque
706 656 1029 712 interpolationi
1059 661 1195 700 textus
1219 657 1467 700 recentioris
1494 658 1747 701 credendum
1774 661 1846 712 est,

347 717 421 761 ubi
451 733 492 760 a.
519 722 617 760 539.
651 717 840 760 traditur
852 718 880 757 ².
933 717 1088 760 Annos
1119 716 1289 760 circiter
1319 721 1400 760 120
1428 718 1646 772 complesse
1676 716 1847 772 dicitur,

348 778 532 831 sepultus
563 778 683 820 haud
711 777 865 831 procul
896 791 924 819 a
954 776 1211 819 monasterio
1250 776 1301 819 in
1340 776 1431 819 eius
1471 776 1644 831 finibus,
1686 777 1773 821 loco
1803 781 1852 820 ut

342 836 625 892 probabiliter
663 835 883 891 conicitur,
930 836 1005 890 qui
1051 835 1214 890 Corpus
1253 835 1392 879 sancti
1433 834 1580 890 (hodie
1625 834 1848 891 Corsaint)

348 896 447 939 olim
492 897 733 939 vocabatur.
796 895 908 938 Eius
953 896 1077 962 fama
1121 900 1220 939 ante
1259 895 1402 939 Vitam
1448 895 1732 963 conscriptam
1775 895 1851 939 via·
1875 912 1911 938 10
1976 901 1997 939 1⁴·

341 955 594 1010 percrebuit,
628 955 723 999 licet
745 955 935 1010 Sequani
960 954 1093 998 vicini
1116 955 1302 1010 Seqestri
1325 955 1578 999 monasterii
1602 955 1845 1010 conditoris,

199 1024 247 1058 ‘12-
261 1024 324 1055 503.
348 1015 422 1070 qui
462 1030 554 1058 eum
595 1014 751 1069 ipsum
781 1014 1032 1058 visitaverat
1044 1015 1071 1068 3,
1119 1014 1391 1058 meminerint
1429 1019 1469 1058 et
1504 1014 1770 1070 G'reqorius⁴=
1811 1019 1851 1059 et

348 1079 495 1118 auctor
515 1074 823 1130 Martyroloyii
843 1074 1184 1129 Hieronymiani
1197 1074 1229 1129 ⁵,·
1251 1079 1400 1129 postea
1431 1089 1528 1117 vero
1558 1074 1688 1128 fastis
1711 1075 1851 1119 sacris

347 1134 596 1177 monasterii
621 1133 905 1177 Luxoviensis
937 1133 1006 1177 die
1036 1147 1116 1188 quo
1149 1134 1336 1177 obierat⁶
1368 1139 1438 1177 28.
1461 1134 1672 1178 Ianuarii
1701 1133 1851 1178 illatus
1984 1191 1985 1194 Ἰ

348 1198 408 1237 est
437 1194 506 1236 his
535 1194 673 1237 verbis
689 1194 718 1236 ⁷:
750 1194 804 1236 V.
831 1195 909 1236 Kl.
937 1193 1047 1237 Feb.
1075 1195 1202 1250 deps.
1229 1195 1379 1237 sancti
1405 1195 1628 1238 Iohannis
1651 1195 1848 1238 abbatis.
1876 1209 1910 1236 ιο
1977 1215 1982 1253 j

349 1254 573 1297 Successor
619 1254 672 1296 ab
719 1268 764 1296 eo
810 1253 902 1308 ipso
943 1253 1179 1296 destinatus
1218 1254 1418 1296 Silvester
1463 1253 1606 1309 abbas,
1653 1253 1728 1309 qui
1769 1268 1851 1310 per

348 1314 518 1368 lonqum
558 1318 717 1367 tempus
756 1314 918 1365 florens
959 1312 1027 1356 die
1065 1317 1130 1356 15.
1163 1313 1334 1367 Aprilis
1365 1314 1589 1367 defunctus
1628 1317 1699 1368 est,
1747 1313 1850 1358 Ger—

347 1372 469 1416 mani
509 1372 692 1427 episcopi
723 1372 993 1416 Parisiensis
1026 1370 1080 1424 (c.
1114 1388 1155 1415 a.
1180 1374 1455 1428 555—576)
1489 1373 1682 1428 aequalis
1713 1378 1807 1417 erat
1818 1374 1847 1416 ⁸.

347 1432 461 1475 Eius
505 1432 626 1475 iussu
665 1433 960 1475 Mummulus⁹
1006 1437 1272 1487 coynomento
1301 1433 1454 1476 Bonus
1467 1433 1503 1459 1⁰
1546 1433 1851 1477 monasterium
1992 1484 1993 1487 Ἴ

345 1493 671 1546 yubernandum
694 1492 885 1546 suscepit,
911 1491 1029 1546 isque
1054 1507 1094 1535 a.
1119 1489 1298 1548 579s80.
1325 1492 1541 1547 episcopus
1560 1492 1851 1548 Linyonensis
1874 1508 1911 1534 πο
1974 1518 1979 1541 ς

348 1552 505 1605 electus,
539 1551 864 1595 Leubardinum
895 1551 1108 1605 fratribus
1139 1552 1494 1595 consentientibus
1517 1552 1740 1607 praefecit,
1773 1553 1849 1596 sub
1977 1550 1979 1555 '

349 1624 429 1665 quo
452 1611 633 1665 patroni
664 1625 815 1665 corpus
848 1611 892 1654 S.
916 1610 1142 1654 Mauricio
1172 1625 1296 1655 sacro
1328 1611 1397 1654 die
1429 1615 1500 1654 22.
1532 1612 1644 1666 Sept.
1675 1612 1726 1656 in
1755 1627 1850 1655 eum

349 1684 429 1725 quo
454 1671 592 1714 Ionae
624 1675 804 1724 tempore
828 1675 923 1714 erat
944 1671 1079 1714 locum
1103 1671 1360 1714 translatum
1385 1676 1457 1714 est.
1510 1672 1571 1714 In
1601 1672 1682 1715 hac
1713 1676 1849 1715 trans-

349 1729 507 1773 latione
537 1730 586 1773 V.
609 1730 825 1773 Iohannis
855 1730 1022 1773 desinit.

493 1789 713 1832 Posterior
736 1789 827 1833 eius
848 1804 960 1845 pars
985 1804 1072 1833 non
1096 1790 1230 1833 solum
1254 1791 1340 1844 fide
1365 1790 1498 1846 diqna
1522 1795 1593 1845 est,
1626 1792 1701 1834 sed
1721 1790 1850 1835 etiam
1874 1805 1910 1833 π
1976 1794 1993 1811 ’

349 1849 400 1892 in
439 1848 497 1892 iis
536 1863 644 1903 quae
683 1850 734 1892 de
774 1849 1037 1905 expeditione
1074 1849 1354 1893 Theudeberti
1385 1850 1546 1894 Italica
1585 1854 1851 1894 enarrantur

350 1910 410 1952 ad
447 1908 673 1952 historiam
714 1909 1060 1952 conscribendam
1106 1909 1275 1963 aliquid
1316 1910 1506 1964 confert,·
1542 1910 1672 1966 prior
1710 1914 1851 1954 autem

349 1982 437 2011 non
466 1968 530 2011 ita
556 1970 831 2022 approbatur.
886 1969 1127 2012 Iohannem
1148 1969 1357 2012 consulem
1386 1969 1558 2013 Gallias
1577 1971 1653 2013 sub
1678 1969 1853 2025 imperii

348 2027 444 2071 iure
463 2027 623 2071 rescisse
646 2025 701 2080 (c.
720 2027 780 2083 2),
799 2043 959 2082 parum
987 2033 1311 2072 consentaneum
1332 2033 1405 2081 est,
1427 2030 1619 2084 locusque
1639 2033 1851 2073 auctorem

352 2193 387 2237 l)
415 2192 622 2236 Fortunat„
646 2193 688 2229 V.
708 2194 885 2227 Germani
906 2203 934 2230 c.
953 2196 1010 2230 30.
1036 2195 1094 2230 31.
1193 2195 1229 2239 2)
1266 2194 1384 2228 Locus
1417 2205 1441 2227 a
1470 2194 1635 2239 Roverio,
1670 2194 1851 2229 Reomaus
1875 2206 1911 2232 ao

345 2251 384 2284 Ρ.
402 2242 460 2282 23,
494 2240 598 2274 Vitae
625 2241 655 2275 C
682 2242 840 2275 insertus
874 2241 951 2275 hic:
985 2252 1082 2275 anno
1106 2240 1256 2276 Domini
1291 2243 1371 2286 512,
1407 2241 1508 2276 iuxta
1542 2241 1641 2286 quod
1674 2241 1712 2276 in
1746 2242 1850 2287 cyclo

349 2287 449 2322 beati
475 2287 636 2322 Victurii
670 2288 833 2333 episcopi
866 2291 1081 2323 numeratur
1106 2292 1168 2333 (=
1197 2291 1266 2326 539
1286 2301 1326 2334 Ρ.
1354 2289 1471 2334 Chr),
1505 2291 1571 2334 qui
1601 2291 1641 2324 in
1673 2289 1850 2325 codicibus

350 2336 494 2369 minime
519 2336 659 2379 leyitur,
694 2347 738 2369 ex
764 2336 854 2370 libro
879 2338 1034 2381 computi
1055 2337 1289 2371 Reomaensis
1321 2339 1534 2372 monasterii
1563 2338 1638 2371 iam
1668 2338 1850 2382 deperdito

350 2384 586 2427 interpolatus
610 2384 748 2417 videtur
771 2394 852 2427 esse,
878 2386 917 2418 in
941 2395 1010 2428 quo
1034 2387 1140 2418 etiam
1165 2386 1300 2419 conditi
1322 2387 1532 2419 monasterii
1553 2387 1684 2420 ‘annus
1700 2386 1852 2420 Domim'

349 2431 434 2466 415’
459 2431 553 2473 (scil.
581 2430 812 2465 Victor-tanus
837 2448 879 2460 =
906 2433 988 2468 442.
1018 2443 1058 2476 Ρ.
1083 2432 1189 2473 Chr.)
1213 2433 1393 2467 indicatus
1426 2437 1512 2468 erat.
1562 2432 1687 2468 Huius
1719 2433 1851 2468 calculi
1873 2444 1910 2471 35

350 2483 530 2512 auctorem
555 2482 636 2513 ante
660 2489 748 2514 saec.
776 2479 879 2514 VIII.
905 2480 1005 2523 med„
1041 2491 1108 2524 quo
1132 2481 1282 2515 Victorii
1299 2481 1476 2525 paschale
1500 2480 1672 2515 abolitum
1695 2484 1756 2524 est,
1789 2492 1850 2516 ne-

350 2536 415 2569 que
439 2536 518 2560 vero
542 2527 652 2560 multo
677 2531 758 2560 ante
780 2527 915 2570 deyisse
937 2529 1130 2562 verisimile
1154 2532 1212 2564 est.
1288 2530 1323 2573 3)
1351 2529 1390 2563 V.
1407 2529 1484 2564 Ioh.
1502 2539 1529 2564 c.
1550 2530 1605 2565 14.
1677 2529 1715 2573 4)
1744 2529 1849 2563 Atta-

351 2584 429 2607 men
453 2573 632 2608 Iohannes
665 2584 688 2607 a
716 2575 890 2618 Greyorio
918 2577 1198 2619 praetermissus
1222 2577 1261 2610 in
1295 2577 1407 2610 codice
1432 2577 1646 2620 interpolato
1672 2576 1735 2612 la*
1762 2576 1851 2611 libri

350 2623 390 2654 in
427 2621 482 2656 Gt.
511 2621 612 2665 Conf.
639 2626 721 2656 ante
755 2632 782 2658 c.
807 2624 866 2665 86,
901 2622 964 2656 ubi
995 2623 1037 2656 de
1071 2624 1235 2667 Sequano
1268 2625 1403 2668 agitur,
1438 2624 1553 2658 locum
1586 2625 1661 2657 iam
1693 2627 1847 2668 occupat.
1981 2646 1986 2653 ·

351 2670 388 2713 5)
417 2669 497 2704 AA.
516 2669 579 2704 SS.
597 2670 685 2705 Nov.
704 2670 757 2713 ΙΙ,
779 2672 810 2713 1,
829 2680 869 2714 p.
888 2670 982 2715 [122]
997 2681 1047 2714 sq.
1123 2672 1159 2715 6)
1190 2672 1229 2707 V.
1247 2671 1324 2707 Ioh.
1343 2681 1371 2705 c.
1392 2673 1446 2708 19.
1521 2672 1557 2716 7)
1585 2671 1645 2707 ‘N.
1663 2671 1847 2714 Arch.’X‚
1870 2682 1909 2709 40
1976 2687 1994 2705 z

344 2727 384 2760 p.
411 2718 468 2753 92.
566 2716 604 2763 8)
641 2717 698 2759 Cf.
723 2718 887 2761 Fortun,
914 2719 951 2753 V.
972 2717 1148 2752 Germani
1180 2730 1207 2754 c.
1227 2721 1289 2756 35:
1316 2717 1475 2764 Quidam
1509 2718 1663 2754 clericus
1697 2718 1848 2754 deiuxta
1979 2723 1981 2725 '

350 2763 572 2799 monasterio
606 2764 706 2799 beati
737 2763 904 2800 Silvestri
937 2765 975 2799 in
1010 2765 1316 2801 Ternoderinsem
1351 2771 1382 2801 et
1413 2778 1444 2811 q.
1475 2778 1504 2803 s.
1559 2767 1622 2801 Ex
1655 2766 1720 2800 hoc
1751 2768 1847 2801 anti-

350 2813 520 2855 quissimo
545 2814 740 2847 testimonio
765 2814 928 2847 concludi
950 2814 1037 2856 licet,
1063 2814 1200 2848 abbatis
1222 2817 1428 2859 quicumque
1447 2814 1586 2849 sedebat
1605 2815 1747 2849 nomine
1770 2824 1845 2848 mo-

349 2862 547 2893 nasterium
566 2862 689 2904 primo
713 2865 873 2895 vocatum
899 2871 979 2897 esse.
1054 2863 1089 2906 9)
1115 2860 1343 2896 Mumulinus
1367 2873 1491 2897 nomen
1516 2863 1555 2895 in
1580 2861 1619 2898 V.
1637 2861 1716 2898 Ioh.
1741 2871 1768 2897 ο.
1789 2863 1844 2898 19.

347 2918 539 2950 perperam
564 2910 737 2951 scriptum
764 2912 823 2947 est,
923 2910 981 2953 10)
1014 2909 1132 2953 Θνε9.,
1157 2909 1207 2943 H.
1233 2910 1298 2946 Fr.
1323 2910 1363 2954 V,
1383 2912 1416 2946 5.
1869 2919 1906 2946 45
