2008 3302
406 267 477 303 114
690 263 858 307 IONAS,
876 261 1038 298 VITAE
1064 260 1370 298 GOLUMBANI
1393 261 1536 298 LIBRI
1559 262 1612 300 H.

401 387 444 430 A
465 391 503 428 3.
528 390 567 439 5,
604 384 692 428 nisi
712 386 823 438 quod
846 383 895 426 in
915 384 959 426 A
976 388 1016 426 3.
1041 382 1096 425 3‘.
1120 383 1191 425 3‘*.
1216 383 1276 425 δ’.
1300 384 1389 425 39⁶1.
1413 385 1489 426 39⁶2
1503 388 1602 437 post
1620 398 1654 428 c.
1676 388 1743 427 15.
1765 384 1900 428 locum

401 446 491 489 iam
523 448 706 498 occupat,
737 443 1054 497 praetermissis
1076 443 1237 497 primis
1267 443 1417 486 verbis.
1479 443 1663 486 Interim
1693 445 1743 487 de
1772 443 1900 488 inter-

394 504 613 559 polatione
636 502 815 558 coqitari
845 517 932 545 non
963 502 1058 546 licet
1086 517 1181 546 mea
1201 502 1368 556 quidem
1399 502 1608 557 opinione,
1641 517 1744 546 nam
1773 503 1900 547 verba

402 569 449 606 ut
488 567 622 606 mente
653 563 788 605 Ionae
829 562 989 605 dictata
1019 566 1130 616 sunt,
1168 562 1233 604 ita
1263 566 1507 616 comparata
1539 576 1632 605 cum
1661 562 1765 606 aliis
1794 562 1900 606 eius-

402 625 494 666 dem
526 621 713 666 auctoris
741 621 932 676 yenuina
962 636 1048 665 esse
1071 623 1339 676 probantur:
1925 638 1943 665 5

650 682 689 735 Ι,
716 686 784 724 17.
807 695 870 724 ex.
1482 681 1522 735 I,
1544 685 1614 724 27.

464 742 585 784 Nam
607 742 958 797 Ohagnoaldum
987 765 1037 769 —
1058 765 1116 770 —
1249 741 1370 783 Nam
1392 741 1692 784 Eusthasium
1718 742 1806 785 hoo
1833 755 1900 785 oo-

408 802 703 858 cognovimus
718 802 1009 852 referentem,
1038 802 1117 856 qui
1191 801 1431 856 gnovimus
1471 801 1762 853 referentem,
1807 801 1899 857 qui.

403 872 576 916 Relatio
616 872 752 927 iyitur
789 872 1062 926 Ghaynoaldi
1103 871 1152 914 in
1191 886 1219 926 y
1258 871 1416 914 omissa
1455 887 1484 915 a
1513 872 1627 915 Iona
1656 871 1748 926 ipso
1778 870 1901 915 Vitae

395 937 545 987 postea
585 932 750 975 videtur
780 931 930 974 addita
961 945 1058 985 esse,
1107 931 1231 985 idque
1268 945 1314 974 eo
1345 931 1568 986 contiyisse
1600 935 1746 986 potest,
1793 932 1904 986 quod
1927 948 1962 974 ιο

403 992 558 1034 librum
590 991 787 1047 priorem
818 992 1052 1033 absolutum
1094 994 1239 1033 auctor
1279 1005 1318 1032 a.
1354 994 1453 1032 641.
1491 1005 1679 1034 seorsum
1709 990 1898 1045 ediderit,

403 1056 484 1094 toto
507 1055 646 1094 autem
667 1065 787 1105 opere
808 1064 923 1093 anno
943 1050 1181 1103 insequenti
1200 1050 1402 1104 perfecte,
1435 1049 1688 1104 suppleverit
1706 1054 1746 1093 et
1762 1049 1901 1104 ipsum

402 1124 522 1165 quem
555 1110 648 1153 dixi
679 1111 825 1153 locum.
894 1110 1012 1152 Tunc
1051 1111 1213 1152 demum
1245 1109 1467 1163 epistulam
1498 1108 1786 1164 praemissam
1816 1123 1902 1152 esse

403 1184 506 1225 opus
536 1170 602 1224 sit,
647 1183 776 1223 eaque
816 1183 861 1212 re
891 1183 994 1212 vera
1025 1169 1291 1212 desideratur
1322 1183 1414 1212 cum
1443 1168 1494 1212 in
1530 1168 1633 1212 aliis
1663 1168 1786 1212 libris
1815 1173 1902 1212 tum

402 1230 451 1272 in
482 1229 525 1271 A
543 1234 584 1272 4.
619 1233 657 1283 5,
693 1229 860 1272 alienae
892 1228 1075 1283 originis
1107 1233 1167 1271 est
1195 1228 1246 1271 in
1275 1228 1319 1270 A
1337 1233 1377 1270 3.
1927 1245 1962 1271 15

547 1290 672 1332 Inter
703 1289 832 1331 libros
862 1288 905 1330 A
926 1293 961 1342 1,
994 1288 1044 1330 in
1074 1287 1225 1342 quibus
1255 1289 1383 1330 verba
1413 1289 1556 1331 eadem
1588 1289 1761 1331 desunt:

463 1349 547 1403 Ep.
582 1345 826 1403 Ausoniae]
861 1349 951 1390 rell.
986 1345 1063 1400 (cf.
1092 1349 1162 1402 ΙΙ,
1187 1346 1293 1402 23),
1325 1361 1403 1389 om.
1435 1347 1565 1390 Ala.
1603 1345 1688 1391 la*.
1726 1347 1805 1392 lb‘.
1841 1351 1900 1390 lc.

624 1407 699 1451 1σὶ
737 1409 792 1450 1d
821 1422 914 1450 cum
945 1407 1045 1449 As.
1080 1406 1141 1461 33·

482 1467 539 1511 ib.
595 1469 693 1510 Deo
736 1468 878 1510 dicati
920 1464 1121 1523 aeberno]
1165 1467 1281 1521 rell.,·
1322 1480 1398 1508 om.
1432 1466 1560 1510 Ala.
1606 1463 1687 1509 la*.
1725 1466 1804 1509 lb‘.
1841 1471 1900 1510 lc.

624 1526 699 1570 lc*.
737 1528 791 1569 ld
821 1541 914 1570 cum
944 1526 1031 1568 As
1066 1523 1152 1580 (pr.
1184 1527 1277 1582 m.).
1311 1529 1368 1568 3¹.
1392 1526 1463 1568 3‘*.
1488 1526 1543 1580 3²²,
1926 1542 1962 1568 20

407 1588 550 1630 eadem
581 1586 842 1640 transposita
872 1590 994 1629 sunt:

465 1647 506 1700 Ι,
530 1651 569 1689 2.
634 1649 681 1689 et
722 1647 935 1689 occiduas
967 1648 1161 1702 pontum
1195 1647 1238 1688 d.
1271 1647 1320 1687 in
1351 1646 1537 1688 umbra-s
1570 1649 1671 1701 post
1699 1645 1902 1689 labebras

692 1710 837 1748 extant
865 1707 996 1748 Ala.
1034 1704 1117 1748 la*.
1155 1702 1234 1747 lb*.
1272 1710 1330 1748 lc.
1367 1704 1442 1748 lc*.
1481 1706 1546 1759 ld,

404 1767 530 1809 codex
564 1765 860 1819 Sanqallensis
891 1769 930 1808 et
958 1765 1211 1819 antiquitate
1242 1768 1281 1807 et
1310 1764 1471 1807 eoeimia
1500 1765 1585 1817 fide
1606 1768 1813 1818 praestat.

553 1825 636 1878 Qui
668 1826 720 1867 ab
752 1824 986 1880 exemplari
1017 1824 1059 1866 A
1080 1829 1135 1866 loc
1168 1823 1352 1878 profecti
1383 1828 1482 1866 sunt
1512 1823 1670 1867 codices
1700 1823 1743 1866 A
1763 1825 1832 1867 la*
1863 1827 1903 1867 et
1926 1839 1962 1866 85

402 1884 445 1926 A
470 1880 559 1927 la'*
602 1898 694 1927 cum
733 1883 825 1938 ipso
866 1898 988 1938 saepe
1029 1883 1282 1927 conveniunt
1321 1888 1443 1937 atque
1473 1880 1647 1926 virtutes
1677 1882 1778 1926 libri
1809 1883 1901 1938 pri-

400 1943 580 1998 miqenii
614 1944 722 1987 alter
751 1943 901 1986 melius
931 1943 1116 1986 servavit
1146 1944 1289 1997 alter0,
1331 1943 1404 1985 sed
1441 1957 1531 1985 una
1561 1957 1653 1986 cum
1683 1942 1746 1986 eis
1775 1941 1902 1986 etiam

401 2005 555 2047 menda
589 2003 639 2045 in
660 2003 942 2057 propayinem
974 2002 1252 2057 transierunt,
1285 2002 1411 2045 veluti
1441 2002 1542 2046 haec
1553 2017 1567 2045 .·

453 2063 492 2117 Ι,
521 2068 590 2105 13.
624 2061 827 2117 dederat]
876 2063 939 2105 ita
984 2067 1092 2105 recte
1138 2063 1229 2105 rell.
1272 2076 1354 2117 pro
1396 2063 1605 2106 ediderat
1646 2059 1723 2114 (cf.
1755 2062 1795 2116 I,
1820 2065 1898 2104 20:

693 2137 804 2177 quos
846 2124 915 2165 sui
956 2126 1085 2165 ortus
1120 2125 1245 2165 terra
1278 2118 1506 2177 dederat);
1549 2122 1739 2165 tenebat
1770 2121 1813 2164 A
1833 2125 1898 2164 la.
1926 2136 1961 2163 30

691 2196 719 2224 a
739 2214 748 2222 .
781 2182 860 2233 a**‚·
1268 2222 1275 2233 Χ

455 2242 495 2295 Ι,
522 2245 588 2284 14.
624 2239 865 2297 siagrium]
900 2243 1095 2298 Agrium
1126 2241 1170 2283 A
1196 2245 1262 2284 la.
1295 2240 1374 2294 a**,·
1411 2237 1474 2296 S(i
1494 2237 1898 2296 superscr.)agrium

692 2301 736 2343 A
756 2301 844 2354 la*;

453 2361 492 2414 Ι,
522 2364 591 2402 20.
625 2357 729 2414 vim]
765 2374 842 2402 om.
877 2360 920 2402 A
941 2365 1007 2403 la.
1041 2359 1099 2401 a*.
1132 2356 1207 2401 a**.

404 2419 596 2473 Propria
627 2419 754 2461 liuius
785 2419 932 2473 stirpis
963 2423 1124 2462 natura
1155 2432 1241 2461 non
1271 2419 1405 2461 solum
1436 2433 1463 2460 a
1494 2417 1671 2472 reliquis
1701 2417 1898 2471 familiis,
1926 2432 1960 2458 35
2006 2453 2008 2461 ,

404 2480 479 2522 sed
523 2478 652 2521 etiam
693 2493 720 2521 a
767 2483 879 2521 textu
909 2479 952 2520 A
972 2483 1026 2521 la
1064 2477 1248 2532 qenuino
1288 2477 1545 2520 vehementer
1583 2491 1901 2532 nonnumquam

406 2539 629 2592 discrepat,
663 2541 699 2580 et
730 2542 891 2591 quanta
921 2537 989 2580 liis
1015 2537 1258 2580 lectionibus
1282 2536 1513 2579 auctoritas
1538 2536 1808 2580 attribuenda
1831 2536 1898 2591 sit,

405 2598 496 2641 iam
527 2597 759 2651 quaeritur.
823 2597 1044 2651 Plerisque
1075 2610 1209 2639 sermo
1241 2595 1426 2639 auctoris
1461 2610 1622 2651 parum
1654 2595 1814 2650 politus
1851 2595 1900 2639 in

405 2656 618 2700 meliorem
649 2660 804 2699 statum
833 2657 1028 2699 redactus
1052 2655 1218 2698 videtur
1242 2669 1339 2709 esse,
1373 2655 1703 2710 comparatisque
1728 2659 1768 2698 et
1788 2659 1901 2699 textu

406 2716 663 2770 reliquorum
694 2720 732 2758 et
762 2715 1057 2759 consuetudine
1089 2715 1236 2769 Ionae,
1274 2714 1606 2769 discrepantiam
1635 2714 1900 2758 huiusmodi:
1923 2729 1960 2754 40

468 2777 507 2830 I,
532 2779 572 2817 2..
638 2773 884 2832 conspexit]
928 2776 1109 2831 prodire
1152 2790 1188 2818 c.
1222 2775 1266 2817 A
1286 2772 1368 2817 la*.
1402 2773 1463 2817 a**
1495 2778 1534 2817 et
1570 2789 1626 2816 m.
1668 2774 1724 2817 al.
1757 2773 1800 2816 A
1819 2778 1900 2827 la,-

468 2836 506 2889 I,
532 2840 570 2877 6.
634 2850 728 2878 non
759 2849 805 2878 se
838 2835 1033 2878 aliorum
1062 2849 1200 2890 opum
1226 2835 1326 2877 fore
1353 2831 1620 2888 ditaturum]
1655 2848 1748 2877 non
1779 2847 1825 2876 se
1858 2847 1896 2876 a.

695 2910 734 2938 o.
767 2896 801 2937 f.
835 2896 1052 2950 cupidum
1084 2894 1128 2936 A
1149 2891 1233 2936 la*.
1266 2890 1364 2949 (a**)
1397 2898 1434 2935 et
1469 2908 1523 2935 m.
1557 2893 1612 2936 al.
1645 2892 1689 2935 A
1709 2896 1789 2947 1α,·
1827 2893 1901 2935 sed

695 2955 749 3007 of.
783 2955 821 3007 Ι,
850 2958 923 2996 14:
959 2969 1006 2997 se
1038 2954 1287 2997 multorum
1320 2968 1457 3008 opum
1492 2966 1588 2996 esse
1621 2953 1814 3005 (litatem
