2008 3302
401 284 448 319 50
688 280 856 326 IONAS,
874 280 1040 317 VITAE
1065 280 1372 318 COLUMBANI
1396 281 1541 318 LIBRI
1565 282 1618 320 H.

404 404 557 456 functa
598 402 829 446 missarum
869 402 1093 446 sollemnia
1136 403 1364 447 memoriae
1407 418 1539 447 causa
1584 404 1796 448 tricesimo
1840 403 1910 447 die

404 477 521 505 more
552 461 830 505 ecclesiastico
856 462 1091 505 celebrabat
1101 463 1129 504 ¹.
1182 462 1380 518 Denique
1399 465 1532 507 abbas
1551 468 1719 507 creatus
1742 478 1784 506 a.
1807 466 1908 506 659.

403 536 545 564 mense
579 521 811 564 Novembri
840 521 962 564 iussu
993 520 1234 565 Chlotharii
1263 522 1377 577 reyis
1406 522 1576 577 eiusque
1605 522 1761 566 matris
1788 522 1910 566 Balt-

405 581 536 623 hildis
569 582 628 623 ad
655 582 802 624 urbem
829 579 1167 625 Cabillonensem
1196 581 1354 625 missus
1383 587 1454 636 est,
1486 582 1737 637 itinerisque
1767 581 1911 626 labore

405 641 543 693 fessus
569 654 650 694 per
672 654 837 694 paucos
867 640 958 684 dies
987 640 1037 684 in
1067 641 1324 685 monasterio
1350 642 1395 685 S.
1419 642 1633 685 Iohannis
1652 640 1910 686 Reomaemi
1931 655 1950 684 ε

404 699 699 753 requiescebat.

550 772 704 826 Itaque
751 771 888 815 Ionas
938 771 1194 815 monasterio
1239 772 1447 816 Bobiensi
1492 772 1637 817 relicto
1682 773 1764 816 huc
1806 771 1911 816 illuc

398 831 565 885 passim
604 835 783 886 vayatus
813 835 884 885 est,
925 831 1079 886 ubique
1108 846 1155 875 eo
1186 832 1384 875 libentius
1413 837 1613 888 receptus,
1655 845 1737 887 quo
1765 830 1911 875 minus

406 890 647 933 litterarum
684 890 821 946 periti
861 890 912 934 in
959 891 1119 934 Galliis
1165 896 1263 935 tunc
1307 891 1610 946 reperirentur.
1681 890 1912 935 Desiderio

405 950 519 993 enim
571 951 721 1003 eodem,
775 964 1031 1005 quocumque
1081 951 1272 1005 accessit,
1325 951 1521 994 ecclesiae
1570 950 1912 1018 monasteriaque
1935 965 1971 993 ιο

373 1045 381 1053 .
405 1010 665 1063 tenebantur,
698 1009 810 1052 vitae
839 1009 999 1053 scilicet
1024 1010 1209 1066 patroni
1239 985 1544 1064 '‘possidendae,
1588 1010 1708 1065 eique
1737 1014 1912 1065 roqatus

404 1068 535 1121 facile
581 1068 790 1121 satisfecit
834 1073 994 1123 auctor,
1039 1070 1090 1112 de
1132 1083 1213 1123 quo
1258 1070 1416 1124 ayitur.
1489 1070 1689 1124 Scarpim
1733 1071 1911 1113 adverso

404 1127 586 1179 flumine
617 1127 832 1182 naviyans
853 1129 913 1171 ad
932 1128 1184 1171 Atrebatum
1203 1129 1348 1172 urbem
1373 1129 1581 1185 pervenit,
1612 1129 1687 1172 ubi
1711 1129 1912 1173 Vedastes

405 1187 622 1242 episcopus
669 1186 833 1241 colitur,
881 1187 1090 1241 huiusque
1135 1188 1278 1242 vitam,
1327 1202 1435 1243 quae
1474 1188 1640 1232 auctori
1677 1203 1787 1232 saec.
1829 1188 1909 1232 VI.

406 1251 504 1289 ante
534 1261 599 1289 me
631 1222 953 1301 attribuebatur,
978 1247 1124 1301 potius
1147 1248 1283 1290 Ionae
1313 1262 1504 1291 sermone
1534 1247 1804 1303 compositam
1823 1261 1912 1291 esse
1935 1262 1970 1290 ιε

405 1310 492 1349 tam
524 1306 650 1349 certis
680 1306 944 1361 aryumentis
975 1306 1170 1373 probavi,
1211 1311 1259 1350 ut
1287 1308 1351 1350 vel
1381 1307 1646 1351 acerbissimi
1674 1307 1911 1351 studiorum

404 1380 591 1408 meorum
613 1365 857 1409 adversarii
877 1366 1072 1421 quamvis
1091 1366 1219 1409 inviti
1242 1367 1387 1420 facere
1411 1381 1499 1410 non
1523 1367 1772 1422 potuissent,
1804 1366 1911 1421 quin

405 1426 648 1479 opusculum
678 1425 832 1468 incerti
862 1425 1050 1469 auctoris
1080 1426 1246 1469 auctori
1275 1440 1351 1469 suo
1381 1442 1410 1469 a
1439 1441 1504 1470 me
1533 1431 1642 1470 recte
1671 1426 1911 1470 restitutum

404 1499 491 1527 esse
523 1484 816 1528 consentirent.
880 1484 1050 1528 Deinde
1084 1485 1135 1528 in
1164 1485 1423 1529 monasterio
1453 1485 1710 1529 Reomaensi
1739 1499 1911 1530 commo·

405 1548 527 1587 ratus
558 1544 700 1587 Vitam
726 1544 942 1587 Iohannis
973 1545 1140 1587 abbatis
1170 1561 1212 1588 a.
1236 1549 1336 1587 659.
1370 1545 1570 1600 condidit,
1603 1545 1726 1589 cuius
1755 1549 1911 1589 textam
1933 1561 1971 1588 no

397 1603 708 1658 primigenium
740 1619 761 1646 e
792 1603 1004 1647 codicibus
1034 1609 1199 1647 erutum
1230 1605 1435 1659 princeps
1470 1605 1600 1648 edidi.
1668 1604 1831 1660 Quibus
1859 1606 1911 1648 de

405 1662 505 1705 vitis
536 1678 629 1706 cum
660 1663 786 1716 infra
818 1665 1029 1718 ayendum
1057 1663 1125 1717 sit,
1166 1663 1256 1707 iam
1293 1665 1353 1707 ad
1381 1664 1696 1708 celeberrimum
1725 1664 1911 1708 eiusdem

405 1723 593 1765 auctoris
626 1737 728 1777 opus
759 1727 1038 1777 transeamus,
1072 1723 1215 1766 Vitam
1254 1724 1413 1767 scilicet
1449 1723 1700 1768 Columbani
1730 1723 1910 1779 discipu-

404 1783 621 1836 lorumque
651 1782 754 1825 eius.

549 1853 732 1896 Fratres
756 1854 990 1896 Bobienses
1015 1869 1106 1897 cum
1133 1869 1165 1898 c.
1189 1870 1229 1897 a.
1255 1859 1354 1897 639.
1386 1855 1597 1909 reviseret,
1630 1856 1767 1898 Ionas
1789 1854 1910 1898 iussu
1934 1871 1970 1899 ιο

403 1913 593 1966 Bertulfi
625 1917 854 1967 roqatuque
880 1927 1023 1956 eorum
1045 1914 1265 1967 pollicitus
1296 1919 1356 1957 est
1369 1916 1384 1940 ²
1414 1929 1458 1957 se
1489 1914 1742 1958 Columbani
1765 1914 1912 1969 patris

404 1977 615 2015 tenturum
656 1987 743 2015 esse
780 1977 898 2027 yesta
937 1987 1070 2027 neque
1099 1987 1197 2016 vero
1228 1978 1327 2016 ante
1357 1974 1592 2017 triennium
1623 1975 1683 2017 ad
1709 1975 1911 2018 solvenda

404 2037 500 2075 vota
531 2032 743 2088 pervenit,
785 2047 878 2075 cum
910 2033 1111 2076 Amando
1150 2033 1379 2076 adiunctus
1414 2034 1692 2088 fluctibusque
1723 2031 1911 2089 agitatus

404 2092 478 2134 vix
518 2092 600 2134 otio
640 2091 858 2146 studioque
897 2093 1192 2135 abundaverit.
1264 2093 1450 2135 Interim
1481 2093 1747 2147 propositum
1786 2107 1910 2136 suum

405 2151 533 2195 etiam
581 2153 640 2194 ad
684 2151 914 2206 discipulos
958 2151 1158 2218 magistri
1197 2166 1344 2206 eosque
1382 2154 1637 2207 extenderat,
1684 2152 1759 2207 qui
1797 2152 1912 2196 inter
1934 2169 1970 2196 so

405 2216 627 2254 sectatores
668 2211 852 2254 eiusdem
891 2211 1075 2254 eminere
1114 2211 1198 2254 sibi
1237 2211 1321 2254 visi
1361 2217 1495 2266 erant,
1543 2226 1675 2267 neque
1714 2226 1822 2267 quac
1860 2212 1910 2256 in

404 2271 678 2314 monasteriis
708 2275 748 2314 et
775 2270 984 2314 Bobiensi
1014 2275 1053 2314 et
1081 2271 1368 2314 Evoriacensi
1394 2276 1513 2326 qesta
1543 2276 1668 2315 erant
1696 2271 1911 2316 miracula

405 2330 578 2383 sinqula
629 2330 857 2373 memoriae
918 2331 1087 2373 tradere
1130 2331 1436 2385 praetermisit.
1525 2331 1640 2386 Opus
1689 2330 1911 2375 abbatibus

407 2389 669 2431 Luxoviensi
699 2389 998 2444 Bobiensique,
1040 2390 1199 2433 scilicet
1230 2391 1498 2434 Waldeberto
1537 2395 1577 2434 et
1605 2391 1681 2445 qui
1709 2391 1910 2444 Bertulfo

404 2448 579 2491 interim
599 2453 856 2491 successerat
873 2449 1101 2503 Boboleno,
1134 2449 1321 2492 dicatum
1341 2449 1390 2492 in
1411 2450 1516 2492 duos
1536 2449 1667 2493 libros
1687 2449 1910 2494 distinxit·
1933 2465 1969 2493 ω

406 2509 594 2565 primus
618 2507 770 2562 inquit,
794 2509 921 2551 beati
944 2508 1196 2551 Columbae
1218 2512 1350 2564 gesta
1371 2510 1655 2565 perstringit,
1679 2510 1909 2553 secundus

407 2568 739 2624 discipulorum
773 2568 871 2610 eius
898 2568 1114 2619 Athalae,
1150 2569 1369 2610 Eusthasi
1399 2569 1473 2611 vel
1505 2571 1761 2612 ceterorum
1795 2583 1908 2626 quos

407 2628 699 2670 meminimus
721 2627 864 2670 vibam
887 2628 1111 2670 edisserit.
1170 2626 1422 2670 Columbani
1444 2627 1668 2671 historiam
1692 2628 1743 2672 in
1758 2629 1910 2683 priore

407 2686 509 2729 libri
539 2687 581 2729 I.
605 2690 734 2742 parte
775 2684 830 2740 (c.
867 2691 961 2728 1—
975 2688 1049 2742 17)
1087 2700 1218 2740 usque
1257 2688 1317 2730 ad
1353 2687 1615 2731 monasteria
1654 2687 1704 2731 in
1744 2689 1909 2744 Vosayo

407 2746 578 2789 condita
594 2745 812 2800 perduxit,
839 2746 1000 2789 additis
1024 2745 1248 2789 miraculis
1267 2761 1376 2801 quae
1396 2751 1569 2790 sanctus
1587 2747 1744 2791 ibidem
1759 2752 1909 2803 patra·
1932 2763 1969 2789 ιο

406 2805 558 2860 visset;
585 2805 800 2861 posterior
829 2819 959 2860 eaque
990 2805 1157 2860 lonyior
1185 2805 1314 2848 huius
1344 2805 1446 2849 libri
1467 2821 1579 2860 pars
1610 2805 1665 2861 (c.
1693 2808 1906 2863 18—30)

410 2946 445 2992 1)
480 2947 521 2983 V.
548 2946 703 2983 columb.
725 2947 780 2991 Π,
801 2948 856 2983 12.
978 2948 1016 2992 2)
1054 2946 1111 2989 cf.
1138 2947 1324 2992 epnstulam
1350 2946 1389 2983 V.
1418 2947 1631 2982 columbani
1655 2949 1907 2992 prmum
