<?xml version="1.0" encoding="UTF-8"?>
<!DOCTYPE html PUBLIC "-//W3C//DTD XHTML 1.0 Transitional//EN"
    "http://www.w3.org/TR/xhtml1/DTD/xhtml1-transitional.dtd">
<html xmlns="http://www.w3.org/1999/xhtml" xml:lang="en" lang="en">
 <head>
  <title>
</title>
<meta http-equiv="Content-Type" content="text/html;charset=utf-8" />
  <meta name='ocr-system' content='tesseract 3.04.00' />
  <meta name='ocr-capabilities' content='ocr_page ocr_carea ocr_par ocr_line ocrx_word'/>
</head>
<body>
  <div class='ocr_page' id='page_1' title='image "./ionaevitaesancto37jonauoft_0319.png"; bbox 0 0 2008 3302; ppageno 0'>
   <div class='ocr_carea' id='block_1_1' title="bbox 427 263 1608 308">
    <p class='ocr_par' dir='ltr' id='par_1_1' title="bbox 427 263 1608 308">
     <span class='ocr_line' id='line_1_1' title="bbox 427 263 1608 308; baseline 0.006 -9"><span class='ocrx_word' id='word_1_1' title='bbox 427 263 595 308; x_wconf 87' lang='lat' dir='ltr'><strong>IONAS,</strong></span> <span class='ocrx_word' id='word_1_2' title='bbox 611 263 741 300; x_wconf 87' lang='lat' dir='ltr'><strong>VITA</strong></span> <span class='ocrx_word' id='word_1_3' title='bbox 758 264 1011 302; x_wconf 87' lang='lat' dir='ltr'>VEDASTIS</span> <span class='ocrx_word' id='word_1_4' title='bbox 1037 265 1281 305; x_wconf 82' lang='lat' dir='ltr'>EPISCOPI.</span> <span class='ocrx_word' id='word_1_5' title='bbox 1536 270 1608 306; x_wconf 87' lang='lat'><em>303</em></span> 
     </span>
    </p>
   </div>
   <div class='ocr_carea' id='block_1_2' title="bbox 0 385 1615 2715">
    <p class='ocr_par' dir='ltr' id='par_1_2' title="bbox 0 385 1615 2715">
     <span class='ocr_line' id='line_1_2' title="bbox 103 385 1608 444; baseline 0.001 -13"><span class='ocrx_word' id='word_1_6' title='bbox 103 386 415 444; x_wconf 82' lang='lat' dir='ltr'><em>optatissimum</em></span> <span class='ocrx_word' id='word_1_7' title='bbox 446 385 562 429; x_wconf 92' lang='lat' dir='ltr'><em>dedit</em></span> <span class='ocrx_word' id='word_1_8' title='bbox 590 385 808 429; x_wconf 78' lang='lat' dir='ltr'><em>intervalli</em></span> <span class='ocrx_word' id='word_1_9' title='bbox 839 391 1068 441; x_wconf 90' lang='lat' dir='ltr'><em>temporum</em></span> <span class='ocrx_word' id='word_1_10' title='bbox 1105 388 1368 444; x_wconf 86' lang='lat' dir='ltr'><em>admittendi,</em></span> <span class='ocrx_word' id='word_1_11' title='bbox 1410 404 1491 444; x_wconf 93' lang='lat' dir='ltr'><em>quo</em></span> <span class='ocrx_word' id='word_1_12' title='bbox 1527 391 1608 434; x_wconf 83' lang='lat' dir='ltr'><em>Tu-</em></span> 
     </span>
     <span class='ocr_line' id='line_1_3' title="bbox 105 445 1605 505; baseline 0.002 -15"><span class='ocrx_word' id='word_1_13' title='bbox 105 445 226 490; x_wconf 82' lang='lat' dir='ltr'><em>ronis</em></span> <span class='ocrx_word' id='word_1_14' title='bbox 246 446 402 489; x_wconf 84' lang='lat' dir='ltr'><em>Remos</em></span> <span class='ocrx_word' id='word_1_15' title='bbox 426 459 503 488; x_wconf 81' lang='lat' dir='ltr'><em>rex</em></span> <span class='ocrx_word' id='word_1_16' title='bbox 518 445 746 502; x_wconf 73' lang='lat' dir='ltr'><em>proficisci</em></span> <span class='ocrx_word' id='word_1_17' title='bbox 764 446 982 501; x_wconf 84' lang='lat' dir='ltr'><em>potuisset,</em></span> <span class='ocrx_word' id='word_1_18' title='bbox 1014 449 1127 490; x_wconf 88' lang='lat' dir='ltr'><em>unde</em></span> <span class='ocrx_word' id='word_1_19' title='bbox 1147 448 1350 502; x_wconf 76' lang='lat' dir='ltr'><em>inprimis</em></span> <span class='ocrx_word' id='word_1_20' title='bbox 1370 449 1605 505; x_wconf 88' lang='lat' dir='ltr'><em>quaeritur,</em></span> 
     </span>
     <span class='ocr_line' id='line_1_4' title="bbox 27 504 1608 563; baseline 0.003 -13.982"><span class='ocrx_word' id='word_1_21' title='bbox 27 524 29 526; x_wconf 91' lang='grc'><strong><em>·</em></strong></span> <span class='ocrx_word' id='word_1_22' title='bbox 104 510 247 550; x_wconf 83' lang='lat' dir='ltr'><em>utrum</em></span> <span class='ocrx_word' id='word_1_23' title='bbox 277 505 340 548; x_wconf 91' lang='lat' dir='ltr'><em>ita</em></span> <span class='ocrx_word' id='word_1_24' title='bbox 366 520 460 549; x_wconf 89' lang='lat' dir='ltr'><em>oum</em></span> <span class='ocrx_word' id='word_1_25' title='bbox 488 504 626 548; x_wconf 87' lang='lat' dir='ltr'><em>codice</em></span> <span class='ocrx_word' id='word_1_26' title='bbox 657 505 888 560; x_wconf 76' lang='lat' dir='ltr'><em>leyendum,</em></span> <span class='ocrx_word' id='word_1_27' title='bbox 922 521 982 549; x_wconf 86' lang='lat' dir='ltr'><em>an</em></span> <span class='ocrx_word' id='word_1_28' title='bbox 1012 508 1222 563; x_wconf 71' lang='lat' dir='ltr'><em>permisit</em></span> <span class='ocrx_word' id='word_1_29' title='bbox 1254 523 1347 551; x_wconf 89' lang='lat' dir='ltr'><em>cum</em></span> <span class='ocrx_word' id='word_1_30' title='bbox 1378 509 1608 553; x_wconf 81' lang='lat' dir='ltr'><em>editoribus</em></span> 
     </span>
     <span class='ocr_line' id='line_1_5' title="bbox 105 564 1608 625; baseline 0.001 -15"><span class='ocrx_word' id='word_1_31' title='bbox 105 565 394 610; x_wconf 76' lang='lat' dir='ltr'><em>anterioribus</em></span> <span class='ocrx_word' id='word_1_32' title='bbox 425 564 718 608; x_wconf 90' lang='lat' dir='ltr'><em>coniciendum</em></span> <span class='ocrx_word' id='word_1_33' title='bbox 748 564 818 608; x_wconf 88' lang='lat' dir='ltr'><em>sit.</em></span> <span class='ocrx_word' id='word_1_34' title='bbox 881 565 982 619; x_wconf 88' lang='lat' dir='ltr'><em>Ipse</em></span> <span class='ocrx_word' id='word_1_35' title='bbox 1012 566 1086 620; x_wconf 91' lang='lat' dir='ltr'><em>qui</em></span> <span class='ocrx_word' id='word_1_36' title='bbox 1115 567 1287 621; x_wconf 90' lang='lat' dir='ltr'><em>primus</em></span> <span class='ocrx_word' id='word_1_37' title='bbox 1318 570 1528 625; x_wconf 77' lang='lat' dir='ltr'><em>promisit</em></span> <span class='ocrx_word' id='word_1_38' title='bbox 1558 569 1608 612; x_wconf 89' lang='lat' dir='ltr'><em>in</em></span> 
     </span>
     <span class='ocr_line' id='line_1_6' title="bbox 55 624 1607 686; baseline 0 -14"><span class='ocrx_word' id='word_1_39' title='bbox 55 644 78 672; x_wconf 76' lang='grc' dir='ltr'><strong>ι</strong></span> <span class='ocrx_word' id='word_1_40' title='bbox 106 629 260 670; x_wconf 78' lang='lat' dir='ltr'><em>textum</em></span> <span class='ocrx_word' id='word_1_41' title='bbox 299 624 476 668; x_wconf 83' lang='lat' dir='ltr'><em>admisit</em></span> <span class='ocrx_word' id='word_1_42' title='bbox 512 624 648 667; x_wconf 87' lang='lat' dir='ltr'><em>editor</em></span> <span class='ocrx_word' id='word_1_43' title='bbox 683 624 939 667; x_wconf 86' lang='lat' dir='ltr'><em>novissimus</em></span> <span class='ocrx_word' id='word_1_44' title='bbox 978 626 1197 680; x_wconf 83' lang='lat' dir='ltr'><em>dubitavit,</em></span> <span class='ocrx_word' id='word_1_45' title='bbox 1239 642 1300 670; x_wconf 92' lang='lat' dir='ltr'><em>an</em></span> <span class='ocrx_word' id='word_1_46' title='bbox 1332 628 1475 682; x_wconf 88' lang='lat' dir='ltr'><em>potius</em></span> <span class='ocrx_word' id='word_1_47' title='bbox 1512 643 1607 686; x_wconf 88' lang='lat' dir='ltr'><em>per-</em></span> 
     </span>
     <span class='ocr_line' id='line_1_7' title="bbox 20 684 1605 744; baseline 0.002 -15"><span class='ocrx_word' id='word_1_48' title='bbox 20 699 22 701; x_wconf 47' lang='lat'><em>*</em></span> <span class='ocrx_word' id='word_1_49' title='bbox 106 686 233 729; x_wconf 68' lang='lat' dir='ltr'><em>misit</em></span> <span class='ocrx_word' id='word_1_50' title='bbox 272 699 366 729; x_wconf 85' lang='lat' dir='ltr'><em>cum</em></span> <span class='ocrx_word' id='word_1_51' title='bbox 396 684 588 727; x_wconf 77' lang='lat' dir='ltr'><em>Frebero</em></span> <span class='ocrx_word' id='word_1_52' title='bbox 628 684 898 728; x_wconf 88' lang='lat' dir='ltr'><em>scribendum</em></span> <span class='ocrx_word' id='word_1_53' title='bbox 937 690 1053 739; x_wconf 87' lang='lat' dir='ltr'><em>esset,</em></span> <span class='ocrx_word' id='word_1_54' title='bbox 1095 701 1178 742; x_wconf 89' lang='lat' dir='ltr'><em>pro</em></span> <span class='ocrx_word' id='word_1_55' title='bbox 1212 700 1295 740; x_wconf 89' lang='lat' dir='ltr'><em>pro</em></span> <span class='ocrx_word' id='word_1_56' title='bbox 1335 702 1416 744; x_wconf 87' lang='lat' dir='ltr'><em>per</em></span> <span class='ocrx_word' id='word_1_57' title='bbox 1457 686 1509 742; x_wconf 89' lang='lat' dir='ltr'><em>(e.</em></span> <span class='ocrx_word' id='word_1_58' title='bbox 1540 703 1605 743; x_wconf 76' lang='grc'><em>97.</em></span> 
     </span>
     <span class='ocr_line' id='line_1_8' title="bbox 28 743 1608 803; baseline 0.001 -15"><span class='ocrx_word' id='word_1_59' title='bbox 28 800 29 803; x_wconf 12' lang='lat'>¹</span> <span class='ocrx_word' id='word_1_60' title='bbox 105 746 430 803; x_wconf 72' lang='lat' dir='ltr'><em>prosecutione</em></span> <span class='ocrx_word' id='word_1_61' title='bbox 471 743 555 800; x_wconf 88' lang='lat' dir='ltr'><em>bis)</em></span> <span class='ocrx_word' id='word_1_62' title='bbox 603 743 732 787; x_wconf 90' lang='lat' dir='ltr'><em>etiam</em></span> <span class='ocrx_word' id='word_1_63' title='bbox 777 744 885 787; x_wconf 89' lang='lat' dir='ltr'><em>alibi</em></span> <span class='ocrx_word' id='word_1_64' title='bbox 929 746 982 788; x_wconf 94' lang='lat' dir='ltr'><em>ab</em></span> <span class='ocrx_word' id='word_1_65' title='bbox 1029 747 1169 788; x_wconf 91' lang='lat' dir='ltr'><em>eodem</em></span> <span class='ocrx_word' id='word_1_66' title='bbox 1209 746 1389 789; x_wconf 89' lang='lat' dir='ltr'><em>librario</em></span> <span class='ocrx_word' id='word_1_67' title='bbox 1421 747 1608 801; x_wconf 87' lang='lat' dir='ltr'><em>positum</em></span> 
     </span>
     <span class='ocr_line' id='line_1_9' title="bbox 105 803 1609 859; baseline 0.001 -10"><span class='ocrx_word' id='word_1_68' title='bbox 105 818 194 849; x_wconf 84' lang='grc'><strong><em>6336</em></strong></span> <span class='ocrx_word' id='word_1_69' title='bbox 222 808 331 848; x_wconf 87' lang='lat' dir='ltr'><em>recte</em></span> <span class='ocrx_word' id='word_1_70' title='bbox 359 818 577 848; x_wconf 88' lang='lat' dir='ltr'><em>monens</em></span> <span class='ocrx_word' id='word_1_71' title='bbox 549 804 564 830; x_wconf 84' lang='lat'>²</span> <span class='ocrx_word' id='word_1_72' title='bbox 629 804 770 847; x_wconf 91' lang='lat' dir='ltr'><em>Porro</em></span> <span class='ocrx_word' id='word_1_73' title='bbox 791 805 903 858; x_wconf 86' lang='lat' dir='ltr'><em>quod</em></span> <span class='ocrx_word' id='word_1_74' title='bbox 931 818 1010 847; x_wconf 76' lang='lat' dir='ltr'><em>rex</em></span> <span class='ocrx_word' id='word_1_75' title='bbox 1041 803 1261 859; x_wconf 83' lang='lat' dir='ltr'><em>‘promisit&#39;</em></span> <span class='ocrx_word' id='word_1_76' title='bbox 1281 805 1330 849; x_wconf 89' lang='lat' dir='ltr'><em>id</em></span> <span class='ocrx_word' id='word_1_77' title='bbox 1348 811 1424 850; x_wconf 91' lang='lat' dir='ltr'><em>aut</em></span> <span class='ocrx_word' id='word_1_78' title='bbox 1443 807 1609 850; x_wconf 83' lang='lat' dir='ltr'><em>servari</em></span> 
     </span>
     <span class='ocr_line' id='line_1_10' title="bbox 32 863 1609 920; baseline 0.001 -12"><span class='ocrx_word' id='word_1_79' title='bbox 32 863 34 866; x_wconf 67' lang='grc'>’</span> <span class='ocrx_word' id='word_1_80' title='bbox 106 868 182 908; x_wconf 87' lang='lat' dir='ltr'><em>aut</em></span> <span class='ocrx_word' id='word_1_81' title='bbox 209 878 299 908; x_wconf 87' lang='lat' dir='ltr'><em>non</em></span> <span class='ocrx_word' id='word_1_82' title='bbox 324 863 496 908; x_wconf 84' lang='lat' dir='ltr'><em>servari</em></span> <span class='ocrx_word' id='word_1_83' title='bbox 526 867 712 920; x_wconf 83' lang='lat' dir='ltr'><em>poterat,</em></span> <span class='ocrx_word' id='word_1_84' title='bbox 752 863 927 918; x_wconf 88' lang='lat' dir='ltr'><em>ideoque</em></span> <span class='ocrx_word' id='word_1_85' title='bbox 957 864 1175 920; x_wconf 90' lang='lat' dir='ltr'><em>promisso</em></span> <span class='ocrx_word' id='word_1_86' title='bbox 1206 865 1298 908; x_wconf 88' lang='lat' dir='ltr'><em>eius</em></span> <span class='ocrx_word' id='word_1_87' title='bbox 1336 880 1405 909; x_wconf 89' lang='lat' dir='ltr'><em>res</em></span> <span class='ocrx_word' id='word_1_88' title='bbox 1435 866 1609 910; x_wconf 89' lang='lat' dir='ltr'><em>minime</em></span> 
     </span>
     <span class='ocr_line' id='line_1_11' title="bbox 34 923 1609 979; baseline -0.001 -9.004"><span class='ocrx_word' id='word_1_89' title='bbox 34 943 84 973; x_wconf 80' lang='grc' dir='ltr'><em>,ιο</em></span> <span class='ocrx_word' id='word_1_90' title='bbox 106 923 249 968; x_wconf 80' lang='lat' dir='ltr'><em>decisa</em></span> <span class='ocrx_word' id='word_1_91' title='bbox 279 928 398 978; x_wconf 89' lang='lat' dir='ltr'><em>erat,·</em></span> <span class='ocrx_word' id='word_1_92' title='bbox 442 923 539 979; x_wconf 88' lang='lat' dir='ltr'><em>quis</em></span> <span class='ocrx_word' id='word_1_93' title='bbox 570 928 710 967; x_wconf 87' lang='lat' dir='ltr'><em>autem</em></span> <span class='ocrx_word' id='word_1_94' title='bbox 737 923 999 978; x_wconf 86' lang='lat' dir='ltr'><em>promissum</em></span> <span class='ocrx_word' id='word_1_95' title='bbox 1037 924 1108 968; x_wconf 79' lang='lat' dir='ltr'><em>bic</em></span> <span class='ocrx_word' id='word_1_96' title='bbox 1148 929 1337 979; x_wconf 75' lang='lat' dir='ltr'><em>expectet,</em></span> <span class='ocrx_word' id='word_1_97' title='bbox 1377 926 1450 969; x_wconf 89' lang='lat' dir='ltr'><em>ubi</em></span> <span class='ocrx_word' id='word_1_98' title='bbox 1489 927 1609 979; x_wconf 83' lang='lat' dir='ltr'><em>facta</em></span> 
     </span>
     <span class='ocr_line' id='line_1_12' title="bbox 26 983 1609 1040; baseline 0.001 -12"><span class='ocrx_word' id='word_1_99' title='bbox 26 990 30 995; x_wconf 90' lang='lat'>&#39;</span> <span class='ocrx_word' id='word_1_100' title='bbox 106 983 384 1039; x_wconf 85' lang='lat' dir='ltr'><em>requiruntur</em></span> <span class='ocrx_word' id='word_1_101' title='bbox 415 983 699 1038; x_wconf 68' lang='lat' dir='ltr'><em>baptizatique</em></span> <span class='ocrx_word' id='word_1_102' title='bbox 728 983 843 1038; x_wconf 78' lang='lat' dir='ltr'><em>reyis</em></span> <span class='ocrx_word' id='word_1_103' title='bbox 874 983 1079 1038; x_wconf 78' lang='lat' dir='ltr'><em>triumphi</em></span> <span class='ocrx_word' id='word_1_104' title='bbox 1109 998 1207 1027; x_wconf 78' lang='lat' dir='ltr'><em>mox</em></span> <span class='ocrx_word' id='word_1_105' title='bbox 1236 985 1481 1040; x_wconf 73' lang='lat' dir='ltr'><em>sinyulatim</em></span> <span class='ocrx_word' id='word_1_106' title='bbox 1511 1001 1609 1029; x_wconf 89' lang='lat' dir='ltr'><em>enu-</em></span> 
     </span>
     <span class='ocr_line' id='line_1_13' title="bbox 4 1043 1610 1099; baseline 0.001 -12"><span class='ocrx_word' id='word_1_107' title='bbox 4 1043 38 1074; x_wconf 71' lang='grc' dir='ltr'><em>“Ῑ</em></span> <span class='ocrx_word' id='word_1_108' title='bbox 105 1043 360 1088; x_wconf 77' lang='lat' dir='ltr'><em>merantur?</em></span> <span class='ocrx_word' id='word_1_109' title='bbox 421 1044 483 1087; x_wconf 89' lang='lat' dir='ltr'><em>At</em></span> <span class='ocrx_word' id='word_1_110' title='bbox 522 1043 711 1098; x_wconf 77' lang='lat' dir='ltr'><em>quaestio</em></span> <span class='ocrx_word' id='word_1_111' title='bbox 750 1043 844 1086; x_wconf 88' lang='lat' dir='ltr'><em>sine</em></span> <span class='ocrx_word' id='word_1_112' title='bbox 883 1043 1009 1086; x_wconf 89' lang='lat' dir='ltr'><em>dubio</em></span> <span class='ocrx_word' id='word_1_113' title='bbox 1048 1058 1208 1099; x_wconf 75' lang='grc'><strong><em>7777797767</em></strong></span> <span class='ocrx_word' id='word_1_114' title='bbox 1248 1059 1300 1087; x_wconf 74' lang='lat' dir='ltr'><em>ex</em></span> <span class='ocrx_word' id='word_1_115' title='bbox 1335 1050 1463 1099; x_wconf 87' lang='lat' dir='ltr'><em>parte</em></span> <span class='ocrx_word' id='word_1_116' title='bbox 1508 1045 1610 1089; x_wconf 87' lang='lat' dir='ltr'><em>inde</em></span> 
     </span>
     <span class='ocr_line' id='line_1_14' title="bbox 34 1103 1610 1161; baseline 0 -13"><span class='ocrx_word' id='word_1_117' title='bbox 34 1119 38 1121; x_wconf 63' lang='grc'>“</span> <span class='ocrx_word' id='word_1_118' title='bbox 98 1105 269 1161; x_wconf 82' lang='lat' dir='ltr'><em>pendet,</em></span> <span class='ocrx_word' id='word_1_119' title='bbox 290 1107 434 1147; x_wconf 88' lang='lat' dir='ltr'><em>utrum</em></span> <span class='ocrx_word' id='word_1_120' title='bbox 454 1104 668 1161; x_wconf 70' lang='lat' dir='ltr'><em>promisit</em></span> <span class='ocrx_word' id='word_1_121' title='bbox 689 1118 782 1147; x_wconf 88' lang='lat' dir='ltr'><em>cum</em></span> <span class='ocrx_word' id='word_1_122' title='bbox 804 1103 964 1158; x_wconf 72' lang='lat' dir='ltr'><em>leqibus</em></span> <span class='ocrx_word' id='word_1_123' title='bbox 979 1103 1276 1158; x_wconf 74' lang='lat' dir='ltr'><em>yrammaticis</em></span> <span class='ocrx_word' id='word_1_124' title='bbox 1296 1105 1610 1148; x_wconf 84' lang='lat' dir='ltr'><em>conciliandum</em></span> 
     </span>
     <span class='ocr_line' id='line_1_15' title="bbox 34 1163 1610 1208; baseline -0.001 0"><span class='ocrx_word' id='word_1_125' title='bbox 34 1182 39 1199; x_wconf 81' lang='lat'>‹</span> <span class='ocrx_word' id='word_1_126' title='bbox 103 1163 162 1208; x_wconf 74' lang='lat' dir='ltr'><em>sit</em></span> <span class='ocrx_word' id='word_1_127' title='bbox 190 1177 351 1208; x_wconf 85' lang='lat' dir='ltr'><em>annon.</em></span> <span class='ocrx_word' id='word_1_128' title='bbox 413 1163 672 1207; x_wconf 84' lang='lat' dir='ltr'><em>Ludowicus</em></span> <span class='ocrx_word' id='word_1_129' title='bbox 708 1164 877 1206; x_wconf 84' lang='lat' dir='ltr'><em>Traube</em></span> <span class='ocrx_word' id='word_1_130' title='bbox 912 1163 983 1206; x_wconf 83' lang='lat' dir='ltr'><em>vir</em></span> <span class='ocrx_word' id='word_1_131' title='bbox 1013 1163 1279 1207; x_wconf 85' lang='lat' dir='ltr'><em>doctissimus</em></span> <span class='ocrx_word' id='word_1_132' title='bbox 1319 1164 1494 1207; x_wconf 87' lang='lat' dir='ltr'><em>consilio</em></span> <span class='ocrx_word' id='word_1_133' title='bbox 1535 1179 1610 1207; x_wconf 86' lang='lat' dir='ltr'><em>suo</em></span> 
     </span>
     <span class='ocr_line' id='line_1_16' title="bbox 14 1222 1610 1279; baseline 0 -12"><span class='ocrx_word' id='word_1_134' title='bbox 14 1242 82 1277; x_wconf 70' lang='lat'><em>511⁶</em></span> <span class='ocrx_word' id='word_1_135' title='bbox 103 1238 170 1267; x_wconf 87' lang='lat' dir='ltr'><em>me</em></span> <span class='ocrx_word' id='word_1_136' title='bbox 200 1227 408 1279; x_wconf 81' lang='lat' dir='ltr'><em>petentem</em></span> <span class='ocrx_word' id='word_1_137' title='bbox 443 1223 597 1266; x_wconf 87' lang='lat' dir='ltr'><em>iterum</em></span> <span class='ocrx_word' id='word_1_138' title='bbox 637 1222 951 1276; x_wconf 72' lang='lat' dir='ltr'><em>officiosissime</em></span> <span class='ocrx_word' id='word_1_139' title='bbox 990 1223 1146 1266; x_wconf 87' lang='lat' dir='ltr'><em>iuvans</em></span> <span class='ocrx_word' id='word_1_140' title='bbox 1185 1224 1234 1267; x_wconf 93' lang='lat' dir='ltr'><em>id</em></span> <span class='ocrx_word' id='word_1_141' title='bbox 1271 1224 1443 1279; x_wconf 78' lang='lat' dir='ltr'><em>neyavit</em></span> <span class='ocrx_word' id='word_1_142' title='bbox 1487 1229 1610 1279; x_wconf 90' lang='lat' dir='ltr'><em>atque</em></span> 
     </span>
     <span class='ocr_line' id='line_1_17' title="bbox 12 1282 1611 1340; baseline 0 -14"><span class='ocrx_word' id='word_1_143' title='bbox 12 1304 35 1339; x_wconf 53' lang='lat'><em>..1</em></span> <span class='ocrx_word' id='word_1_144' title='bbox 104 1283 322 1328; x_wconf 84' lang='lat' dir='ltr'><em>lectionem</em></span> <span class='ocrx_word' id='word_1_145' title='bbox 352 1284 563 1340; x_wconf 72' lang='lat' dir='ltr'><em>permisit</em></span> <span class='ocrx_word' id='word_1_146' title='bbox 594 1283 742 1338; x_wconf 88' lang='lat' dir='ltr'><em>potius</em></span> <span class='ocrx_word' id='word_1_147' title='bbox 772 1282 1079 1326; x_wconf 78' lang='lat' dir='ltr'><em>admittendam</em></span> <span class='ocrx_word' id='word_1_148' title='bbox 1115 1298 1202 1326; x_wconf 90' lang='lat' dir='ltr'><em>esse</em></span> <span class='ocrx_word' id='word_1_149' title='bbox 1241 1288 1364 1327; x_wconf 89' lang='lat' dir='ltr'><em>ratus</em></span> <span class='ocrx_word' id='word_1_150' title='bbox 1394 1289 1465 1338; x_wconf 86' lang='lat' dir='ltr'><em>est,</em></span> <span class='ocrx_word' id='word_1_151' title='bbox 1505 1285 1611 1338; x_wconf 84' lang='lat' dir='ltr'><em>quia</em></span> 
     </span>
     <span class='ocr_line' id='line_1_18' title="bbox 39 1339 1610 1399; baseline 0 -13"><span class='ocrx_word' id='word_1_152' title='bbox 39 1339 43 1348; x_wconf 77' lang='grc'><em>’</em></span> <span class='ocrx_word' id='word_1_153' title='bbox 107 1342 184 1387; x_wconf 85' lang='lat' dir='ltr'><em>‘me</em></span> <span class='ocrx_word' id='word_1_154' title='bbox 214 1342 394 1399; x_wconf 68' lang='lat' dir='ltr'><em>baptizo&#39;</em></span> <span class='ocrx_word' id='word_1_155' title='bbox 417 1356 503 1398; x_wconf 91' lang='lat' dir='ltr'><em>pro</em></span> <span class='ocrx_word' id='word_1_156' title='bbox 535 1342 754 1398; x_wconf 70' lang='lat' dir='ltr'><em>‘baptizor’</em></span> <span class='ocrx_word' id='word_1_157' title='bbox 786 1342 874 1386; x_wconf 90' lang='lat' dir='ltr'><em>dici</em></span> <span class='ocrx_word' id='word_1_158' title='bbox 904 1343 1109 1397; x_wconf 89' lang='lat' dir='ltr'><em>nequiret.</em></span> <span class='ocrx_word' id='word_1_159' title='bbox 1180 1343 1345 1387; x_wconf 84' lang='lat' dir='ltr'><em>Causae</em></span> <span class='ocrx_word' id='word_1_160' title='bbox 1375 1343 1509 1399; x_wconf 75' lang='grc'><strong><em>7977777·</em></strong></span> <span class='ocrx_word' id='word_1_161' title='bbox 1547 1343 1610 1386; x_wconf 87' lang='grc'><strong><em>777-</em></strong></span> 
     </span>
     <span class='ocr_line' id='line_1_19' title="bbox 33 1402 1612 1458; baseline -0.001 -11"><span class='ocrx_word' id='word_1_162' title='bbox 33 1422 47 1454; x_wconf 63' lang='lat'><em>¹,</em></span> <span class='ocrx_word' id='word_1_163' title='bbox 104 1402 281 1447; x_wconf 83' lang='lat' dir='ltr'><em>teriores</em></span> <span class='ocrx_word' id='word_1_164' title='bbox 325 1403 513 1458; x_wconf 79' lang='lat' dir='ltr'><em>leyesque</em></span> <span class='ocrx_word' id='word_1_165' title='bbox 554 1402 863 1458; x_wconf 76' lang='lat' dir='ltr'><em>yrammaticae</em></span> <span class='ocrx_word' id='word_1_166' title='bbox 913 1404 1078 1446; x_wconf 85' lang='lat' dir='ltr'><em>obstare</em></span> <span class='ocrx_word' id='word_1_167' title='bbox 1125 1403 1334 1458; x_wconf 88' lang='lat' dir='ltr'><em>videntur,</em></span> <span class='ocrx_word' id='word_1_168' title='bbox 1386 1403 1612 1458; x_wconf 79' lang='lat' dir='ltr'><em>quominus</em></span> 
     </span>
     <span class='ocr_line' id='line_1_20' title="bbox 18 1462 702 1542; baseline -0.001 -35"><span class='ocrx_word' id='word_1_169' title='bbox 18 1474 47 1516; x_wconf 65' lang='lat'><em>5³1</em></span> <span class='ocrx_word' id='word_1_170' title='bbox 106 1462 226 1507; x_wconf 89' lang='lat' dir='ltr'><em>lectio</em></span> <span class='ocrx_word' id='word_1_171' title='bbox 251 1464 544 1542; x_wconf 52' lang='lat' dir='ltr'><em>‘promisit</em></span> <span class='ocrx_word' id='word_1_172' title='bbox 499 1467 702 1506; x_wconf 87' lang='lat' dir='ltr'><em>servetur.</em></span> 
     </span>
     <span class='ocr_line' id='line_1_21' title="bbox 0 1522 1611 1571; baseline -0.001 -4"><span class='ocrx_word' id='word_1_173' title='bbox 0 1531 83 1571; x_wconf 64' lang='lat'><em>&#39;⁶20</em></span> <span class='ocrx_word' id='word_1_174' title='bbox 264 1522 371 1567; x_wconf 80' lang='lat' dir='ltr'><em>Sine</em></span> <span class='ocrx_word' id='word_1_175' title='bbox 409 1523 544 1566; x_wconf 88' lang='lat' dir='ltr'><em>mora&#39;</em></span> <span class='ocrx_word' id='word_1_176' title='bbox 583 1527 722 1566; x_wconf 89' lang='lat' dir='ltr'><em>autem</em></span> <span class='ocrx_word' id='word_1_177' title='bbox 759 1522 1070 1566; x_wconf 79' lang='lat' dir='ltr'><em>Chlodovechus</em></span> <span class='ocrx_word' id='word_1_178' title='bbox 1109 1536 1187 1566; x_wconf 74' lang='lat' dir='ltr'><em>rex</em></span> <span class='ocrx_word' id='word_1_179' title='bbox 1218 1522 1385 1566; x_wconf 82' lang='lat' dir='ltr'><em>Nicetio</em></span> <span class='ocrx_word' id='word_1_180' title='bbox 1427 1527 1525 1566; x_wconf 88' lang='lat' dir='ltr'><em>teste</em></span> <span class='ocrx_word' id='word_1_181' title='bbox 1568 1537 1611 1565; x_wconf 90' lang='lat' dir='ltr'><em>se</em></span> 
     </span>
     <span class='ocr_line' id='line_1_22' title="bbox 107 1582 1612 1639; baseline -0.001 -13.055"><span class='ocrx_word' id='word_1_182' title='bbox 107 1582 328 1639; x_wconf 68' lang='lat' dir='ltr'><em>baptizare</em></span> <span class='ocrx_word' id='word_1_183' title='bbox 368 1582 579 1639; x_wconf 82' lang='lat' dir='ltr'><em>permisit,</em></span> <span class='ocrx_word' id='word_1_184' title='bbox 617 1587 848 1639; x_wconf 79' lang='lat' dir='ltr'><em>postquam</em></span> <span class='ocrx_word' id='word_1_185' title='bbox 896 1582 1084 1625; x_wconf 77' lang='lat' dir='ltr'><em>‘humilis</em></span> <span class='ocrx_word' id='word_1_186' title='bbox 1129 1583 1189 1626; x_wconf 88' lang='lat' dir='ltr'><em>ad</em></span> <span class='ocrx_word' id='word_1_187' title='bbox 1233 1582 1378 1625; x_wconf 90' lang='lat' dir='ltr'><em>domni</em></span> <span class='ocrx_word' id='word_1_188' title='bbox 1416 1582 1612 1625; x_wconf 87' lang='lat' dir='ltr'><em>Martini</em></span> 
     </span>
     <span class='ocr_line' id='line_1_23' title="bbox 26 1642 1614 1698; baseline -0.001 -12"><span class='ocrx_word' id='word_1_189' title='bbox 26 1683 31 1698; x_wconf 62' lang='lat'><em>„</em></span> <span class='ocrx_word' id='word_1_190' title='bbox 107 1642 261 1687; x_wconf 88' lang='lat' dir='ltr'><em>limina</em></span> <span class='ocrx_word' id='word_1_191' title='bbox 307 1642 482 1698; x_wconf 87' lang='lat' dir='ltr'><em>cecidit&#39;‚</em></span> <span class='ocrx_word' id='word_1_192' title='bbox 529 1643 717 1686; x_wconf 85' lang='lat' dir='ltr'><em>Turonis</em></span> <span class='ocrx_word' id='word_1_193' title='bbox 760 1643 931 1697; x_wconf 88' lang='lat' dir='ltr'><em>scilicet,</em></span> <span class='ocrx_word' id='word_1_194' title='bbox 979 1656 1111 1697; x_wconf 87' lang='lat' dir='ltr'><em>neque</em></span> <span class='ocrx_word' id='word_1_195' title='bbox 1148 1642 1363 1697; x_wconf 86' lang='lat' dir='ltr'><em>promisit,</em></span> <span class='ocrx_word' id='word_1_196' title='bbox 1410 1642 1459 1685; x_wconf 88' lang='lat' dir='ltr'><em>id</em></span> <span class='ocrx_word' id='word_1_197' title='bbox 1502 1643 1614 1697; x_wconf 88' lang='lat' dir='ltr'><em>quod</em></span> 
     </span>
     <span class='ocr_line' id='line_1_24' title="bbox 26 1702 1612 1759; baseline -0.001 -13"><span class='ocrx_word' id='word_1_198' title='bbox 26 1723 49 1746; x_wconf 64' lang='grc' dir='ltr'><em>η</em></span> <span class='ocrx_word' id='word_1_199' title='bbox 97 1702 348 1759; x_wconf 82' lang='lat' dir='ltr'><em>promittere</em></span> <span class='ocrx_word' id='word_1_200' title='bbox 393 1717 482 1746; x_wconf 85' lang='lat' dir='ltr'><em>non</em></span> <span class='ocrx_word' id='word_1_201' title='bbox 517 1707 702 1758; x_wconf 89' lang='lat' dir='ltr'><em>poterat,</em></span> <span class='ocrx_word' id='word_1_202' title='bbox 750 1704 939 1758; x_wconf 90' lang='lat' dir='ltr'><em>quodque</em></span> <span class='ocrx_word' id='word_1_203' title='bbox 978 1702 1017 1745; x_wconf 90' lang='lat' dir='ltr'><em>si</em></span> <span class='ocrx_word' id='word_1_204' title='bbox 1057 1702 1152 1745; x_wconf 88' lang='lat' dir='ltr'><em>sine</em></span> <span class='ocrx_word' id='word_1_205' title='bbox 1190 1716 1312 1745; x_wconf 90' lang='lat' dir='ltr'><em>mora</em></span> <span class='ocrx_word' id='word_1_206' title='bbox 1349 1701 1612 1756; x_wconf 89' lang='lat' dir='ltr'><em>promissum</em></span> 
     </span>
     <span class='ocr_line' id='line_1_25' title="bbox 105 1762 1609 1818; baseline -0.001 -12.102"><span class='ocrx_word' id='word_1_207' title='bbox 105 1766 221 1817; x_wconf 86' lang='lat' dir='ltr'><em>esset,</em></span> <span class='ocrx_word' id='word_1_208' title='bbox 260 1762 335 1806; x_wconf 78' lang='lat' dir='ltr'><em>vix</em></span> <span class='ocrx_word' id='word_1_209' title='bbox 369 1762 594 1817; x_wconf 87' lang='lat' dir='ltr'><em>quisquam</em></span> <span class='ocrx_word' id='word_1_210' title='bbox 632 1762 781 1818; x_wconf 76' lang='lat' dir='ltr'><em>mayni</em></span> <span class='ocrx_word' id='word_1_211' title='bbox 819 1762 1019 1806; x_wconf 89' lang='lat' dir='ltr'><em>momenti</em></span> <span class='ocrx_word' id='word_1_212' title='bbox 1057 1763 1201 1805; x_wconf 88' lang='lat' dir='ltr'><em>instar</em></span> <span class='ocrx_word' id='word_1_213' title='bbox 1229 1762 1455 1805; x_wconf 77' lang='lat' dir='ltr'><em>habiturus</em></span> <span class='ocrx_word' id='word_1_214' title='bbox 1494 1766 1609 1804; x_wconf 87' lang='lat' dir='ltr'><em>esset.</em></span> 
     </span>
     <span class='ocr_line' id='line_1_26' title="bbox 24 1813 1613 1962; baseline -0.002 -96"><span class='ocrx_word' id='word_1_215' title='bbox 24 1813 83 1962; x_wconf 57' lang='grc' dir='ltr'><em>ξω</em></span> <span class='ocrx_word' id='word_1_216' title='bbox 112 1821 300 1866; x_wconf 85' lang='lat' dir='ltr'><em>Turonis</em></span> <span class='ocrx_word' id='word_1_217' title='bbox 328 1822 369 1866; x_wconf 86' lang='grc'><em>37</em></span> <span class='ocrx_word' id='word_1_218' title='bbox 391 1837 531 1878; x_wconf 79' lang='grc'><strong><em>7696777</em></strong></span> <span class='ocrx_word' id='word_1_219' title='bbox 550 1822 826 1866; x_wconf 69' lang='lat' dir='ltr'><em>Francorum</em></span> <span class='ocrx_word' id='word_1_220' title='bbox 847 1822 1106 1877; x_wconf 70' lang='lat' dir='ltr'><em>baptizatum</em></span> <span class='ocrx_word' id='word_1_221' title='bbox 1127 1836 1214 1865; x_wconf 89' lang='lat' dir='ltr'><em>esse</em></span> <span class='ocrx_word' id='word_1_222' title='bbox 1234 1821 1447 1876; x_wconf 88' lang='lat' dir='ltr'><em>statueris,</em></span> <span class='ocrx_word' id='word_1_223' title='bbox 1469 1836 1613 1864; x_wconf 86' lang='lat' dir='ltr'><em>annus</em></span> 
     </span>
     <span class='ocr_line' id='line_1_27' title="bbox 107 1881 1611 1948; baseline -0.002 -22"><span class='ocrx_word' id='word_1_224' title='bbox 107 1896 227 1937; x_wconf 86' lang='lat' dir='ltr'><em>quem</em></span> <span class='ocrx_word' id='word_1_225' title='bbox 249 1881 486 1937; x_wconf 76' lang='lat' dir='ltr'><em>Greyorius</em></span> <span class='ocrx_word' id='word_1_226' title='bbox 506 1882 690 1926; x_wconf 87' lang='lat' dir='ltr'><em>tradidit</em></span> <span class='ocrx_word' id='word_1_227' title='bbox 709 1886 808 1926; x_wconf 85' lang='lat'><em>496.</em></span> <span class='ocrx_word' id='word_1_228' title='bbox 830 1898 877 1937; x_wconf 90' lang='lat' dir='ltr'><em>p.</em></span> <span class='ocrx_word' id='word_1_229' title='bbox 903 1882 1008 1926; x_wconf 74' lang='lat' dir='ltr'><em>Chr.</em></span> <span class='ocrx_word' id='word_1_230' title='bbox 1032 1882 1329 1948; x_wconf 74' lang='lat' dir='ltr'><em>difficultatem</em></span> <span class='ocrx_word' id='word_1_231' title='bbox 1350 1882 1486 1935; x_wconf 74' lang='lat' dir='ltr'><em>habet,</em></span> <span class='ocrx_word' id='word_1_232' title='bbox 1509 1896 1611 1924; x_wconf 88' lang='lat' dir='ltr'><em>nam</em></span> 
     </span>
     <span class='ocr_line' id='line_1_28' title="bbox 30 1912 1611 2013; baseline -0.002 -27.996"><span class='ocrx_word' id='word_1_233' title='bbox 30 1912 51 2013; x_wconf 40' lang='lat'><em>3?</em></span> <span class='ocrx_word' id='word_1_234' title='bbox 107 1956 149 1985; x_wconf 92' lang='lat' dir='ltr'><em>a.</em></span> <span class='ocrx_word' id='word_1_235' title='bbox 173 1945 274 1985; x_wconf 88' lang='grc'><strong>507.</strong></span> <span class='ocrx_word' id='word_1_236' title='bbox 306 1943 472 1985; x_wconf 88' lang='lat' dir='ltr'><em>demum</em></span> <span class='ocrx_word' id='word_1_237' title='bbox 502 1942 685 1986; x_wconf 76' lang='lat' dir='ltr'><em>Alarico</em></span> <span class='ocrx_word' id='word_1_238' title='bbox 716 1942 875 1986; x_wconf 80' lang='lat' dir='ltr'><em>devicto</em></span> <span class='ocrx_word' id='word_1_239' title='bbox 905 1943 1009 1985; x_wconf 88' lang='lat' dir='ltr'><em>urbs</em></span> <span class='ocrx_word' id='word_1_240' title='bbox 1038 1941 1119 1985; x_wconf 91' lang='lat' dir='ltr'><em>illa</em></span> <span class='ocrx_word' id='word_1_241' title='bbox 1149 1941 1199 1984; x_wconf 87' lang='lat' dir='ltr'><em>in</em></span> <span class='ocrx_word' id='word_1_242' title='bbox 1230 1940 1437 1984; x_wconf 84' lang='lat' dir='ltr'><em>dicionem</em></span> <span class='ocrx_word' id='word_1_243' title='bbox 1469 1941 1611 1983; x_wconf 85' lang='lat' dir='ltr'><em>Fran-</em></span> 
     </span>
     <span class='ocr_line' id='line_1_29' title="bbox 33 2002 1613 2060; baseline -0.003 -14"><span class='ocrx_word' id='word_1_244' title='bbox 33 2009 54 2060; x_wconf 63' lang='grc' dir='ltr'><em>ξ.</em></span> <span class='ocrx_word' id='word_1_245' title='bbox 108 2016 251 2046; x_wconf 86' lang='lat' dir='ltr'><em>corum</em></span> <span class='ocrx_word' id='word_1_246' title='bbox 280 2003 455 2046; x_wconf 86' lang='lat' dir='ltr'><em>redacta</em></span> <span class='ocrx_word' id='word_1_247' title='bbox 490 2006 569 2055; x_wconf 87' lang='lat' dir='ltr'><em>est;</em></span> <span class='ocrx_word' id='word_1_248' title='bbox 602 2007 832 2058; x_wconf 87' lang='lat' dir='ltr'><em>praeterea</em></span> <span class='ocrx_word' id='word_1_249' title='bbox 871 2002 968 2045; x_wconf 89' lang='lat' dir='ltr'><em>licet</em></span> <span class='ocrx_word' id='word_1_250' title='bbox 995 2002 1244 2044; x_wconf 85' lang='lat' dir='ltr'><em>Remensem</em></span> <span class='ocrx_word' id='word_1_251' title='bbox 1282 2002 1427 2043; x_wconf 90' lang='lat' dir='ltr'><em>urbem</em></span> <span class='ocrx_word' id='word_1_252' title='bbox 1466 2005 1613 2043; x_wconf 82' lang='lat' dir='ltr'><em>auctor</em></span> 
     </span>
     <span class='ocr_line' id='line_1_30' title="bbox 107 2059 1613 2117; baseline -0.002 -12.13"><span class='ocrx_word' id='word_1_253' title='bbox 107 2061 180 2105; x_wconf 90' lang='lat' dir='ltr'><em>ille</em></span> <span class='ocrx_word' id='word_1_254' title='bbox 209 2061 385 2105; x_wconf 89' lang='lat' dir='ltr'><em>minime</em></span> <span class='ocrx_word' id='word_1_255' title='bbox 414 2062 712 2117; x_wconf 84' lang='lat' dir='ltr'><em>nominaverit,</em></span> <span class='ocrx_word' id='word_1_256' title='bbox 745 2067 888 2106; x_wconf 86' lang='lat' dir='ltr'><em>tamen</em></span> <span class='ocrx_word' id='word_1_257' title='bbox 919 2076 970 2105; x_wconf 80' lang='lat' dir='ltr'><em>eoe</em></span> <span class='ocrx_word' id='word_1_258' title='bbox 1000 2061 1249 2105; x_wconf 87' lang='lat' dir='ltr'><em>auctoritate</em></span> <span class='ocrx_word' id='word_1_259' title='bbox 1268 2075 1395 2114; x_wconf 90' lang='lat' dir='ltr'><em>quam</em></span> <span class='ocrx_word' id='word_1_260' title='bbox 1416 2059 1613 2114; x_wconf 78' lang='lat' dir='ltr'><em>Remiyio</em></span> 
     </span>
     <span class='ocr_line' id='line_1_31' title="bbox 40 2120 1611 2183; baseline -0.003 -17"><span class='ocrx_word' id='word_1_261' title='bbox 40 2125 86 2183; x_wconf 68' lang='grc' dir='ltr'><em>’ρο</em></span> <span class='ocrx_word' id='word_1_262' title='bbox 108 2121 299 2177; x_wconf 84' lang='lat' dir='ltr'><em>episcopo</em></span> <span class='ocrx_word' id='word_1_263' title='bbox 339 2121 576 2177; x_wconf 74' lang='lat' dir='ltr'><em>baptizanti</em></span> <span class='ocrx_word' id='word_1_264' title='bbox 616 2122 812 2166; x_wconf 86' lang='lat' dir='ltr'><em>attribuit</em></span> <span class='ocrx_word' id='word_1_265' title='bbox 851 2123 996 2165; x_wconf 88' lang='lat' dir='ltr'><em>eadem</em></span> <span class='ocrx_word' id='word_1_266' title='bbox 1036 2120 1231 2164; x_wconf 88' lang='lat' dir='ltr'><em>concludi</em></span> <span class='ocrx_word' id='word_1_267' title='bbox 1266 2123 1445 2174; x_wconf 87' lang='lat' dir='ltr'><em>poterat,</em></span> <span class='ocrx_word' id='word_1_268' title='bbox 1486 2133 1611 2173; x_wconf 90' lang='lat' dir='ltr'><em>prae-</em></span> 
     </span>
     <span class='ocr_line' id='line_1_32' title="bbox 108 2179 1612 2236; baseline -0.003 -10.166"><span class='ocrx_word' id='word_1_269' title='bbox 108 2181 254 2225; x_wconf 85' lang='lat' dir='ltr'><em>sertim</em></span> <span class='ocrx_word' id='word_1_270' title='bbox 285 2196 380 2226; x_wconf 89' lang='lat' dir='ltr'><em>cum</em></span> <span class='ocrx_word' id='word_1_271' title='bbox 409 2181 645 2226; x_wconf 90' lang='lat' dir='ltr'><em>canonibus</em></span> <span class='ocrx_word' id='word_1_272' title='bbox 675 2187 870 2226; x_wconf 84' lang='lat' dir='ltr'><em>sanctum</em></span> <span class='ocrx_word' id='word_1_273' title='bbox 900 2185 1016 2236; x_wconf 89' lang='lat' dir='ltr'><em>esset,</em></span> <span class='ocrx_word' id='word_1_274' title='bbox 1050 2195 1103 2224; x_wconf 90' lang='lat' dir='ltr'><em>ne</em></span> <span class='ocrx_word' id='word_1_275' title='bbox 1131 2180 1181 2223; x_wconf 86' lang='lat' dir='ltr'><em>in</em></span> <span class='ocrx_word' id='word_1_276' title='bbox 1213 2179 1416 2223; x_wconf 81' lang='lat' dir='ltr'><em>dioeceses</em></span> <span class='ocrx_word' id='word_1_277' title='bbox 1446 2179 1612 2222; x_wconf 84' lang='lat' dir='ltr'><em>alienas</em></span> 
     </span>
     <span class='ocr_line' id='line_1_33' title="bbox 41 2230 1615 2308; baseline -0.003 -23"><span class='ocrx_word' id='word_1_278' title='bbox 41 2230 60 2308; x_wconf 58' lang='grc' dir='ltr'>ξ</span> <span class='ocrx_word' id='word_1_279' title='bbox 109 2240 328 2296; x_wconf 80' lang='lat' dir='ltr'><em>episcopus</em></span> <span class='ocrx_word' id='word_1_280' title='bbox 357 2241 591 2285; x_wconf 85' lang='lat' dir='ltr'><em>inrueret.</em></span> <span class='ocrx_word' id='word_1_281' title='bbox 563 2243 578 2268; x_wconf 79' lang='lat'><strong>²</strong></span> <span class='ocrx_word' id='word_1_282' title='bbox 656 2243 743 2285; x_wconf 84' lang='lat' dir='ltr'><em>Sed</em></span> <span class='ocrx_word' id='word_1_283' title='bbox 781 2242 862 2285; x_wconf 75' lang='lat' dir='ltr'><em>hac</em></span> <span class='ocrx_word' id='word_1_284' title='bbox 893 2243 943 2285; x_wconf 90' lang='lat' dir='ltr'><em>de</em></span> <span class='ocrx_word' id='word_1_285' title='bbox 981 2255 1029 2284; x_wconf 90' lang='lat' dir='ltr'><em>re</em></span> <span class='ocrx_word' id='word_1_286' title='bbox 1060 2244 1222 2295; x_wconf 82' lang='lat' dir='ltr'><em>postea.</em></span> <span class='ocrx_word' id='word_1_287' title='bbox 1292 2239 1411 2282; x_wconf 83' lang='lat' dir='ltr'><em>Certe</em></span> <span class='ocrx_word' id='word_1_288' title='bbox 1451 2243 1615 2282; x_wconf 87' lang='lat' dir='ltr'><em>constat</em></span> 
     </span>
     <span class='ocr_line' id='line_1_34' title="bbox 45 2299 1612 2390; baseline -0.003 -45"><span class='ocrx_word' id='word_1_289' title='bbox 45 2309 71 2390; x_wconf 59' lang='grc' dir='ltr'><em>ἱ</em></span> <span class='ocrx_word' id='word_1_290' title='bbox 117 2300 398 2356; x_wconf 75' lang='lat' dir='ltr'><em>Wisiyothico</em></span> <span class='ocrx_word' id='word_1_291' title='bbox 437 2302 541 2345; x_wconf 92' lang='lat' dir='ltr'><em>bello</em></span> <span class='ocrx_word' id='word_1_292' title='bbox 580 2302 706 2355; x_wconf 70' lang='lat' dir='ltr'><em>finito</em></span> <span class='ocrx_word' id='word_1_293' title='bbox 744 2301 1080 2346; x_wconf 78' lang='lat' dir='ltr'><em>Ohlodovechum</em></span> <span class='ocrx_word' id='word_1_294' title='bbox 1120 2314 1259 2354; x_wconf 78' lang='grc'><strong><em>7696777</em></strong></span> <span class='ocrx_word' id='word_1_295' title='bbox 1301 2300 1446 2342; x_wconf 92' lang='lat' dir='ltr'><em>urbem</em></span> <span class='ocrx_word' id='word_1_296' title='bbox 1483 2299 1612 2340; x_wconf 84' lang='lat' dir='ltr'><em>Turo-</em></span> 
     </span>
     <span class='ocr_line' id='line_1_35' title="bbox 46 2357 1613 2435; baseline -0.003 -30.995"><span class='ocrx_word' id='word_1_297' title='bbox 46 2390 66 2435; x_wconf 33' lang='grc' dir='ltr'><em>’,ᾗ</em></span> <span class='ocrx_word' id='word_1_298' title='bbox 109 2375 281 2404; x_wconf 86' lang='grc'><strong><em>7767736777</em></strong></span> <span class='ocrx_word' id='word_1_299' title='bbox 311 2376 471 2416; x_wconf 76' lang='lat' dir='ltr'><em>maqna</em></span> <span class='ocrx_word' id='word_1_300' title='bbox 502 2376 595 2405; x_wconf 93' lang='lat' dir='ltr'><em>cum</em></span> <span class='ocrx_word' id='word_1_301' title='bbox 615 2362 893 2405; x_wconf 81' lang='lat' dir='ltr'><em>sollemnitate</em></span> <span class='ocrx_word' id='word_1_302' title='bbox 922 2361 1161 2415; x_wconf 79' lang='lat' dir='ltr'><em>inyressum</em></span> <span class='ocrx_word' id='word_1_303' title='bbox 1182 2373 1269 2402; x_wconf 90' lang='grc'><strong><em>6336</em></strong></span> <span class='ocrx_word' id='word_1_304' title='bbox 1290 2363 1329 2401; x_wconf 88' lang='lat' dir='ltr'><em>et</em></span> <span class='ocrx_word' id='word_1_305' title='bbox 1350 2359 1395 2401; x_wconf 81' lang='lat' dir='ltr'><em>S.</em></span> <span class='ocrx_word' id='word_1_306' title='bbox 1418 2357 1613 2400; x_wconf 85' lang='lat' dir='ltr'><em>Martini</em></span> 
     </span>
     <span class='ocr_line' id='line_1_36' title="bbox 46 2417 1613 2478; baseline -0.004 -13"><span class='ocrx_word' id='word_1_307' title='bbox 46 2423 87 2478; x_wconf 55' lang='grc' dir='ltr'>ῃ</span> <span class='ocrx_word' id='word_1_308' title='bbox 110 2420 326 2465; x_wconf 86' lang='lat' dir='ltr'><em>ecclesiam</em></span> <span class='ocrx_word' id='word_1_309' title='bbox 364 2421 524 2465; x_wconf 89' lang='lat' dir='ltr'><em>adiisse</em></span> <span class='ocrx_word' id='word_1_310' title='bbox 539 2422 567 2476; x_wconf 95' lang='grc'><em>3,</em></span> <span class='ocrx_word' id='word_1_311' title='bbox 609 2423 731 2465; x_wconf 88' lang='lat' dir='ltr'><em>cuius</em></span> <span class='ocrx_word' id='word_1_312' title='bbox 770 2421 835 2464; x_wconf 91' lang='lat' dir='ltr'><em>rei</em></span> <span class='ocrx_word' id='word_1_313' title='bbox 874 2421 924 2464; x_wconf 89' lang='lat' dir='ltr'><em>in</em></span> <span class='ocrx_word' id='word_1_314' title='bbox 955 2421 1067 2463; x_wconf 87' lang='lat' dir='ltr'><em>calce</em></span> <span class='ocrx_word' id='word_1_315' title='bbox 1102 2418 1242 2473; x_wconf 89' lang='lat' dir='ltr'><em>operis</em></span> <span class='ocrx_word' id='word_1_316' title='bbox 1273 2418 1341 2461; x_wconf 87' lang='lat' dir='ltr'><em>sui</em></span> <span class='ocrx_word' id='word_1_317' title='bbox 1379 2417 1613 2472; x_wconf 65' lang='lat' dir='ltr'><em>Gregorius</em></span> 
     </span>
     <span class='ocr_line' id='line_1_37' title="bbox 109 2477 1613 2544; baseline -0.003 -20.189"><span class='ocrx_word' id='word_1_318' title='bbox 109 2479 264 2524; x_wconf 62' lang='lat' dir='ltr'><em>iterium</em></span> <span class='ocrx_word' id='word_1_319' title='bbox 293 2481 524 2535; x_wconf 77' lang='lat' dir='ltr'><em>meminit4,</em></span> <span class='ocrx_word' id='word_1_320' title='bbox 566 2486 691 2535; x_wconf 87' lang='lat' dir='ltr'><em>atque</em></span> <span class='ocrx_word' id='word_1_321' title='bbox 721 2496 772 2525; x_wconf 91' lang='lat' dir='ltr'><em>ea</em></span> <span class='ocrx_word' id='word_1_322' title='bbox 808 2481 906 2535; x_wconf 88' lang='lat' dir='ltr'><em>ipsa</em></span> <span class='ocrx_word' id='word_1_323' title='bbox 938 2479 1155 2523; x_wconf 86' lang='lat' dir='ltr'><em>occasione</em></span> <span class='ocrx_word' id='word_1_324' title='bbox 1185 2492 1323 2544; x_wconf 79' lang='grc'><strong><em>7696777</em></strong></span> <span class='ocrx_word' id='word_1_325' title='bbox 1354 2477 1613 2531; x_wconf 70' lang='lat' dir='ltr'><em>baptizatum</em></span> 
     </span>
     <span class='ocr_line' id='line_1_38' title="bbox 50 2537 1613 2584; baseline -0.001 -4"><span class='ocrx_word' id='word_1_326' title='bbox 50 2552 66 2580; x_wconf 42' lang='grc' dir='ltr'><strong>ἢ</strong></span> <span class='ocrx_word' id='word_1_327' title='bbox 111 2554 198 2584; x_wconf 89' lang='grc'><strong><em>6336</em></strong></span> <span class='ocrx_word' id='word_1_328' title='bbox 228 2539 330 2584; x_wconf 90' lang='lat' dir='ltr'><em>olim</em></span> <span class='ocrx_word' id='word_1_329' title='bbox 369 2540 643 2584; x_wconf 89' lang='lat' dir='ltr'><em>conieceram.</em></span> <span class='ocrx_word' id='word_1_330' title='bbox 706 2541 781 2584; x_wconf 86' lang='lat' dir='ltr'><em>Ad</em></span> <span class='ocrx_word' id='word_1_331' title='bbox 819 2541 894 2584; x_wconf 79' lang='lat' dir='ltr'><em>hoc</em></span> <span class='ocrx_word' id='word_1_332' title='bbox 933 2537 1213 2583; x_wconf 78' lang='lat' dir='ltr'><em>Chlodovechi</em></span> <span class='ocrx_word' id='word_1_333' title='bbox 1252 2537 1335 2580; x_wconf 88' lang='lat' dir='ltr'><em>iter</em></span> <span class='ocrx_word' id='word_1_334' title='bbox 1370 2538 1613 2579; x_wconf 85' lang='lat' dir='ltr'><em>Turonense</em></span> 
     </span>
     <span class='ocr_line' id='line_1_39' title="bbox 62 2597 1612 2656; baseline -0.004 -12"><span class='ocrx_word' id='word_1_335' title='bbox 62 2609 66 2633; x_wconf 67' lang='lat' dir='ltr'><strong><em>f</em></strong></span> <span class='ocrx_word' id='word_1_336' title='bbox 113 2599 276 2644; x_wconf 87' lang='lat' dir='ltr'><em>Nicetii</em></span> <span class='ocrx_word' id='word_1_337' title='bbox 296 2600 520 2655; x_wconf 89' lang='lat' dir='ltr'><em>epistulam</em></span> <span class='ocrx_word' id='word_1_338' title='bbox 542 2601 818 2656; x_wconf 72' lang='lat' dir='ltr'><em>Suyskenus⁵</em></span> <span class='ocrx_word' id='word_1_339' title='bbox 838 2604 936 2643; x_wconf 90' lang='lat' dir='ltr'><em>ante</em></span> <span class='ocrx_word' id='word_1_340' title='bbox 961 2614 1026 2641; x_wconf 93' lang='lat' dir='ltr'><em>me</em></span> <span class='ocrx_word' id='word_1_341' title='bbox 1046 2598 1136 2642; x_wconf 89' lang='lat' dir='ltr'><em>iam</em></span> <span class='ocrx_word' id='word_1_342' title='bbox 1157 2598 1388 2650; x_wconf 70' lang='lat' dir='ltr'><em>rettulerat,</em></span> <span class='ocrx_word' id='word_1_343' title='bbox 1421 2597 1612 2639; x_wconf 72' lang='lat' dir='ltr'><em>ordinem</em></span> 
     </span>
     <span class='ocr_line' id='line_1_40' title="bbox 111 2655 1614 2715; baseline -0.003 -13"><span class='ocrx_word' id='word_1_344' title='bbox 111 2673 254 2703; x_wconf 86' lang='lat' dir='ltr'><em>rerum</em></span> <span class='ocrx_word' id='word_1_345' title='bbox 284 2661 338 2703; x_wconf 94' lang='lat' dir='ltr'><em>ab</em></span> <span class='ocrx_word' id='word_1_346' title='bbox 369 2665 538 2704; x_wconf 88' lang='lat' dir='ltr'><em>auctore</em></span> <span class='ocrx_word' id='word_1_347' title='bbox 571 2662 867 2715; x_wconf 88' lang='lat' dir='ltr'><em>perturbatum</em></span> <span class='ocrx_word' id='word_1_348' title='bbox 898 2674 986 2702; x_wconf 90' lang='lat' dir='ltr'><em>esse</em></span> <span class='ocrx_word' id='word_1_349' title='bbox 1015 2662 1216 2710; x_wconf 85' lang='lat' dir='ltr'><em>statuens,</em></span> <span class='ocrx_word' id='word_1_350' title='bbox 1257 2657 1447 2710; x_wconf 75' lang='lat' dir='ltr'><em>hancque</em></span> <span class='ocrx_word' id='word_1_351' title='bbox 1478 2655 1614 2710; x_wconf 88' lang='lat' dir='ltr'><em>ipsius</em></span> 
     </span>
    </p>
   </div>
   <div class='ocr_carea' id='block_1_3' title="bbox 0 290 60 3302">
    <p class='ocr_par' dir='ltr' id='par_1_3' title="bbox 0 290 60 3302">
     <span class='ocr_line' id='line_1_41' title="bbox 0 290 42 898; baseline 0 -305"><span class='ocrx_word' id='word_1_352' title='bbox 0 290 42 898; x_wconf 95' lang='lat' dir='ltr'><em>   </em></span> 
     </span>
     <span class='ocr_line' id='line_1_42' title="bbox 0 1006 49 1767; baseline 0 0"><span class='ocrx_word' id='word_1_353' title='bbox 0 1006 49 1767; x_wconf 95' lang='lat' dir='ltr'><em>     </em></span> 
     </span>
     <span class='ocr_line' id='line_1_43' title="bbox 0 1767 33 2214; baseline 0 -128"><span class='ocrx_word' id='word_1_354' title='bbox 0 1767 33 2214; x_wconf 95' lang='lat' dir='ltr'><em>     </em></span> 
     </span>
     <span class='ocr_line' id='line_1_44' title="bbox 0 2214 41 2508; baseline 0.976 -32"><span class='ocrx_word' id='word_1_355' title='bbox 0 2214 41 2508; x_wconf 95' lang='lat' dir='ltr'><em>  </em></span> 
     </span>
     <span class='ocr_line' id='line_1_45' title="bbox 0 2508 60 3302; baseline 0 -566"><span class='ocrx_word' id='word_1_356' title='bbox 0 2508 60 3302; x_wconf 95' lang='lat' dir='ltr'><em>   </em></span> 
     </span>
    </p>
   </div>
   <div class='ocr_carea' id='block_1_4' title="bbox 53 2746 1614 2997">
    <p class='ocr_par' dir='ltr' id='par_1_4' title="bbox 53 2746 1614 2997">
     <span class='ocr_line' id='line_1_46' title="bbox 53 2746 1614 2811; baseline -0.005 -10"><span class='ocrx_word' id='word_1_357' title='bbox 53 2746 91 2805; x_wconf 63' lang='grc' dir='ltr'><strong><em>ὠ</em></strong></span> <span class='ocrx_word' id='word_1_358' title='bbox 115 2764 150 2811; x_wconf 94' lang='grc'><em>1)</em></span> <span class='ocrx_word' id='word_1_359' title='bbox 175 2766 325 2800; x_wconf 75' lang='lat' dir='ltr'><em>Notarii</em></span> <span class='ocrx_word' id='word_1_360' title='bbox 347 2777 475 2810; x_wconf 75' lang='lat' dir='ltr'><em>requm</em></span> <span class='ocrx_word' id='word_1_361' title='bbox 498 2766 728 2801; x_wconf 84' lang='lat' dir='ltr'><em>Francorum</em></span> <span class='ocrx_word' id='word_1_362' title='bbox 752 2776 821 2810; x_wconf 83' lang='lat' dir='ltr'><em>per</em></span> <span class='ocrx_word' id='word_1_363' title='bbox 839 2776 909 2808; x_wconf 81' lang='lat' dir='ltr'><em>per</em></span> <span class='ocrx_word' id='word_1_364' title='bbox 931 2768 1056 2798; x_wconf 88' lang='lat' dir='ltr'><em>notam</em></span> <span class='ocrx_word' id='word_1_365' title='bbox 1079 2761 1338 2806; x_wconf 73' lang='lat' dir='ltr'><em>exprimebant,</em></span> <span class='ocrx_word' id='word_1_366' title='bbox 1363 2771 1452 2805; x_wconf 82' lang='lat' dir='ltr'><em>quae</em></span> <span class='ocrx_word' id='word_1_367' title='bbox 1475 2771 1544 2804; x_wconf 86' lang='lat' dir='ltr'><em>pro</em></span> <span class='ocrx_word' id='word_1_368' title='bbox 1570 2761 1614 2793; x_wconf 91' lang='lat' dir='ltr'><em>ab</em></span> 
     </span>
     <span class='ocr_line' id='line_1_47' title="bbox 58 2787 1612 2859; baseline -0.003 -13"><span class='ocrx_word' id='word_1_369' title='bbox 58 2810 77 2837; x_wconf 65' lang='lat'><em>⁵?</em></span> <span class='ocrx_word' id='word_1_370' title='bbox 112 2813 290 2857; x_wconf 77' lang='lat' dir='ltr'><em>imperitis</em></span> <span class='ocrx_word' id='word_1_371' title='bbox 313 2814 422 2856; x_wconf 79' lang='lat' dir='ltr'><em>facile</em></span> <span class='ocrx_word' id='word_1_372' title='bbox 442 2815 623 2859; x_wconf 81' lang='lat' dir='ltr'><em>explicari</em></span> <span class='ocrx_word' id='word_1_373' title='bbox 641 2817 792 2858; x_wconf 86' lang='lat' dir='ltr'><em>poterat,</em></span> <span class='ocrx_word' id='word_1_374' title='bbox 819 2813 905 2846; x_wconf 85' lang='lat' dir='ltr'><em>dum</em></span> <span class='ocrx_word' id='word_1_375' title='bbox 922 2813 986 2846; x_wconf 80' lang='lat' dir='ltr'><em>hoc</em></span> <span class='ocrx_word' id='word_1_376' title='bbox 1006 2810 1242 2856; x_wconf 74' lang='lat' dir='ltr'><em>perscribunt.</em></span> <span class='ocrx_word' id='word_1_377' title='bbox 1327 2787 1544 2852; x_wconf 59' lang='grc' dir='ltr'><em>ν2)(1077737ῑ777</em></span> <span class='ocrx_word' id='word_1_378' title='bbox 1560 2809 1612 2843; x_wconf 84' lang='lat' dir='ltr'><em>ed.</em></span> 
     </span>
     <span class='ocr_line' id='line_1_48' title="bbox 61 2855 1614 2906; baseline -0.005 -11"><span class='ocrx_word' id='word_1_379' title='bbox 61 2881 74 2897; x_wconf 50' lang='lat'>2</span> <span class='ocrx_word' id='word_1_380' title='bbox 112 2859 284 2895; x_wconf 82' lang='lat' dir='ltr'><em>Maassen</em></span> <span class='ocrx_word' id='word_1_381' title='bbox 308 2861 342 2906; x_wconf 96' lang='grc' dir='ltr'><em>Ι,</em></span> <span class='ocrx_word' id='word_1_382' title='bbox 361 2873 402 2906; x_wconf 87' lang='lat' dir='ltr'><em>p.</em></span> <span class='ocrx_word' id='word_1_383' title='bbox 421 2863 479 2898; x_wconf 84' lang='lat'><em>78.</em></span> <span class='ocrx_word' id='word_1_384' title='bbox 553 2863 588 2905; x_wconf 90' lang='grc'><em>3)</em></span> <span class='ocrx_word' id='word_1_385' title='bbox 607 2862 725 2905; x_wconf 48' lang='lat' dir='ltr'><em>Greyq</em></span> <span class='ocrx_word' id='word_1_386' title='bbox 744 2860 795 2896; x_wconf 88' lang='lat' dir='ltr'><em>H.</em></span> <span class='ocrx_word' id='word_1_387' title='bbox 812 2860 879 2895; x_wconf 86' lang='lat' dir='ltr'><em>Fr.</em></span> <span class='ocrx_word' id='word_1_388' title='bbox 897 2860 951 2902; x_wconf 79' lang='lat' dir='ltr'><em>II,</em></span> <span class='ocrx_word' id='word_1_389' title='bbox 968 2861 1026 2895; x_wconf 85' lang='lat'><em>38.</em></span> <span class='ocrx_word' id='word_1_390' title='bbox 1100 2857 1137 2903; x_wconf 85' lang='lat'><em>4)</em></span> <span class='ocrx_word' id='word_1_391' title='bbox 1158 2857 1264 2901; x_wconf 74' lang='lat' dir='ltr'><em>Grey.</em></span> <span class='ocrx_word' id='word_1_392' title='bbox 1281 2856 1329 2892; x_wconf 90' lang='lat' dir='ltr'><em>H.</em></span> <span class='ocrx_word' id='word_1_393' title='bbox 1347 2856 1414 2890; x_wconf 85' lang='lat' dir='ltr'><em>Fr.</em></span> <span class='ocrx_word' id='word_1_394' title='bbox 1432 2856 1480 2899; x_wconf 91' lang='lat' dir='ltr'><em>X,</em></span> <span class='ocrx_word' id='word_1_395' title='bbox 1495 2857 1554 2899; x_wconf 86' lang='lat'><em>31,</em></span> <span class='ocrx_word' id='word_1_396' title='bbox 1573 2855 1614 2889; x_wconf 88' lang='lat' dir='ltr'><em>de</em></span> 
     </span>
     <span class='ocr_line' id='line_1_49' title="bbox 113 2882 1614 2955; baseline -0.004 -12"><span class='ocrx_word' id='word_1_397' title='bbox 113 2907 256 2943; x_wconf 66' lang='lat' dir='ltr'><em>Manio</em></span> <span class='ocrx_word' id='word_1_398' title='bbox 280 2911 439 2955; x_wconf 82' lang='lat' dir='ltr'><em>episcopo</em></span> <span class='ocrx_word' id='word_1_399' title='bbox 467 2910 546 2943; x_wconf 85' lang='lat' dir='ltr'><em>Tur</em></span> <span class='ocrx_word' id='word_1_400' title='bbox 547 2911 692 2944; x_wconf 78' lang='lat' dir='ltr'><em>onensi:</em></span> <span class='ocrx_word' id='word_1_401' title='bbox 726 2907 858 2951; x_wconf 86' lang='lat' dir='ltr'><em>Huius,</em></span> <span class='ocrx_word' id='word_1_402' title='bbox 893 2909 1022 2950; x_wconf 83' lang='lat' dir='ltr'><em>inquit,</em></span> <span class='ocrx_word' id='word_1_403' title='bbox 1053 2907 1220 2950; x_wconf 78' lang='lat' dir='ltr'><em>tempore</em></span> <span class='ocrx_word' id='word_1_404' title='bbox 1245 2882 1523 2938; x_wconf 64' lang='lat' dir='ltr'><em>Chlodovech’us</em></span> <span class='ocrx_word' id='word_1_405' title='bbox 1547 2914 1614 2937; x_wconf 84' lang='lat' dir='ltr'><em>rex</em></span> 
     </span>
     <span class='ocr_line' id='line_1_50' title="bbox 110 2933 1612 2997; baseline -0.002 -7"><span class='ocrx_word' id='word_1_406' title='bbox 110 2954 233 2991; x_wconf 77' lang='lat' dir='ltr'><em>victor</em></span> <span class='ocrx_word' id='word_1_407' title='bbox 256 2956 303 2992; x_wconf 79' lang='lat' dir='ltr'><em>de</em></span> <span class='ocrx_word' id='word_1_408' title='bbox 328 2956 440 2992; x_wconf 76' lang='lat' dir='ltr'><em>caede</em></span> <span class='ocrx_word' id='word_1_409' title='bbox 460 2956 665 2992; x_wconf 76' lang='lat' dir='ltr'><em>Gothorum</em></span> <span class='ocrx_word' id='word_1_410' title='bbox 684 2933 858 2990; x_wconf 82' lang='lat' dir='ltr'><em>Turonus’</em></span> <span class='ocrx_word' id='word_1_411' title='bbox 878 2953 999 2990; x_wconf 79' lang='lat' dir='ltr'><em>rediit</em></span> <span class='ocrx_word' id='word_1_412' title='bbox 1085 2954 1121 2997; x_wconf 87' lang='lat'><em>5)</em></span> <span class='ocrx_word' id='word_1_413' title='bbox 1151 2953 1230 2988; x_wconf 77' lang='grc' dir='ltr'><em>ΑΛ.</em></span> <span class='ocrx_word' id='word_1_414' title='bbox 1256 2951 1320 2988; x_wconf 86' lang='lat' dir='ltr'><em>SS.</em></span> <span class='ocrx_word' id='word_1_415' title='bbox 1349 2951 1418 2988; x_wconf 85' lang='lat' dir='ltr'><em>Oct.</em></span> <span class='ocrx_word' id='word_1_416' title='bbox 1444 2951 1476 2995; x_wconf 91' lang='grc' dir='ltr'><strong><em>Ι,</em></strong></span> <span class='ocrx_word' id='word_1_417' title='bbox 1500 2963 1537 2996; x_wconf 87' lang='lat' dir='ltr'><em>p.</em></span> <span class='ocrx_word' id='word_1_418' title='bbox 1554 2952 1612 2987; x_wconf 87' lang='lat'><em>83.</em></span> 
     </span>
    </p>
   </div>
  </div>
 </body>
</html>
