2008 3302
1612 116 1689 234 ΞΝ

666 898 825 954 ΡΒΑ
831 898 991 954 EFA
1000 898 1079 953 TI
1080 896 1144 954 O.

300 1014 441 1068 Jonas
473 1025 606 1068 abbas
644 1024 694 1067 de
730 1021 884 1066 litteris
914 1019 1262 1077 haqioqraphicis
1292 1019 1488 1063 ecclesiae
1526 1017 1660 1063 Galli-

157 1100 291 1130 canae
337 1084 488 1140 optime
532 1083 709 1127 meritus
753 1082 803 1126 in
850 1081 1115 1126 celeberrimo
1155 1079 1413 1124 monasterio
1453 1078 1661 1122 Bobiensi

155 1160 244 1190 non
276 1146 410 1189 solum
440 1145 611 1200 requlae
634 1142 953 1198 praeceptisque
984 1140 1217 1185 conditoris
1248 1144 1346 1184 tunc
1376 1138 1544 1207 mortui,
1587 1139 1662 1182 sed

155 1205 285 1250 etiam
314 1204 509 1259 operibus
540 1203 742 1258 classicis,
782 1202 910 1245 veluti
941 1201 1056 1256 Livi,
1098 1201 1330 1254 studuerat,
1373 1199 1494 1243 cuius
1526 1199 1661 1242 locum

156 1265 366 1320 quendam
406 1278 428 1307 e
467 1263 592 1307 libris
632 1262 860 1318 deperditis
900 1262 1190 1318 depromptum
1229 1260 1344 1303 solus
1384 1259 1580 1313 servavit,
1623 1263 1663 1302 et

156 1325 252 1369 licet
281 1329 373 1368 arte
403 1323 576 1367 omnino
607 1322 806 1377 caruerit,
847 1322 988 1377 ipsum
1029 1326 1171 1364 tamen
1209 1320 1448 1363 studiorum
1487 1319 1660 1362 illorum

156 1384 336 1452 vestiqia
375 1384 585 1428 nonnulla
625 1388 663 1427 et
701 1382 928 1426 retinuisse
959 1386 999 1425 et
1027 1380 1214 1437 posteris
1246 1379 1476 1424 tradidisse
1507 1379 1660 1435 neqari

156 1444 300 1500 nequit
329 1449 453 1511 atque
482 1443 686 1500 inprimis
726 1442 827 1487 Vita
865 1441 1129 1496 Oolumbani,
1171 1441 1230 1484 ad
1259 1454 1388 1496 quam
1419 1453 1660 1495 componen-

156 1505 257 1549 dam
287 1504 526 1560 plurimum
565 1517 715 1560 operae
755 1507 793 1547 et
833 1501 1080 1558 diliqentiae
1120 1501 1345 1546 contulisse
1375 1500 1552 1553 videtur,
1595 1514 1660 1543 ex-

156 1565 336 1620 emplum
366 1565 526 1618 factum
558 1568 629 1619 est,
662 1565 774 1619 quod
802 1576 1058 1607 successores
1088 1561 1375 1605 imitarentur.
1430 1560 1551 1604 Sicut
1589 1559 1659 1604 Co-

157 1625 356 1669 lumbano
387 1626 489 1668 duce
511 1624 642 1668 Scotti
673 1623 953 1678 discipulique
974 1636 1117 1666 eorum
1139 1621 1355 1666 ecclesiam
1383 1620 1660 1665 Gallicanam

147 1684 339 1740 primum
355 1689 676 1739 renovaverunt,
689 1682 1067 1739 Anylosaxonibus
1082 1682 1197 1726 viam
1210 1686 1452 1735 sternentes,
1468 1696 1496 1724 a
1509 1680 1661 1736 quibus

149 1749 296 1799 postea
336 1745 659 1800 expellebantur,
707 1744 771 1787 ita
811 1743 885 1798 qui
924 1757 994 1787 res
1033 1744 1086 1787 ab
1128 1742 1190 1786 eis
1227 1746 1367 1798 qestas
1410 1740 1660 1795 conscripsit

153 1809 301 1849 auctor
343 1805 444 1848 item
481 1804 752 1860 pereqrinus,
801 1804 943 1847 Italus
988 1803 1158 1858 scilicet,
1207 1804 1364 1846 clerum
1411 1801 1659 1856 indiqenam

153 1864 271 1908 illius
310 1865 406 1909 aevi
445 1867 505 1909 ad
542 1864 654 1908 vitas
693 1864 987 1919 miraculaque
1029 1863 1334 1907 conscribenda
1364 1861 1490 1917 quasi
1520 1861 1657 1915 infor-

152 1925 285 1969 mavit
313 1925 431 1980 eique
462 1925 702 1969 litterarum
730 1924 880 1980 9eneri
910 1938 1033 1967 suum
1063 1923 1234 1979 siqnum
1264 1921 1490 1978 impressit,
1523 1936 1658 1976 quare

152 1999 233 2040 quo
262 1985 312 2029 in
338 1985 549 2029 codicibus
580 1984 801 2028 nonnullis
832 1985 1067 2040 appellatus
1098 1988 1158 2028 est
1182 1982 1473 2038 praeceptoris
1503 1996 1656 2026 nomen

152 2045 296 2100 aliquo
340 2047 461 2089 modo
508 2045 681 2099 defendi
723 2049 869 2101 potest.
938 2045 1091 2099 Itaque
1136 2043 1249 2087 vitae
1294 2043 1387 2087 eius
1423 2056 1508 2097 per
1552 2043 1658 2085 duos

154 2104 417 2160 Scriptorum
457 2119 602 2149 rerum
642 2104 1040 2160 Merovinyicarum
1082 2108 1210 2147 tomos
1256 2103 1396 2146 adhuc
1443 2102 1659 2156 dispersae

153 2164 310 2232 diqnae
339 2165 456 2208 visae
481 2169 590 2220 sunt,
623 2179 731 2220 quae
755 2179 942 2208 seorsum
967 2166 1202 2217 ederentur,
1237 2178 1329 2207 cum
1354 2162 1542 2217 reliquae
1570 2166 1658 2205 tum

152 2224 336 2268 maxime
374 2199 624 2269 Columbaiii
661 2225 740 2268 illa
774 2224 1056 2268 celeberrima.
1119 2224 1258 2278 Atque
1297 2223 1347 2266 in
1388 2223 1500 2266 lianc
1531 2236 1658 2277 prae-

153 2284 272 2340 cipue
303 2299 473 2340 operam
502 2284 767 2340 studiumque
802 2284 1002 2340 impendi,
1046 2284 1304 2328 occasionem
1335 2282 1590 2326 emendandi
1621 2287 1660 2326 et

152 2344 376 2401 sumilendi
414 2349 576 2400 nactus,
619 2345 890 2412 omnibusque
930 2344 1004 2399 qui
1047 2344 1137 2388 noti
1176 2348 1276 2388 sunt
1315 2343 1528 2388 codicibus
1566 2342 1658 2386 iam

152 2405 420 2460 examinatis,
453 2410 492 2449 et
520 2405 784 2460 prooemium
816 2405 946 2448 latius
977 2404 1160 2449 accrevit
1189 2409 1229 2448 et
1257 2406 1493 2459 apparatus
1529 2403 1657 2446 multo

153 2464 335 2520 amplior
372 2465 563 2509 redditus
602 2470 674 2509 est.
738 2465 821 2508 Illi
861 2479 975 2509 nunc
1006 2465 1166 2509 codices
1205 2464 1319 2508 illati
1358 2468 1458 2507 sunt
1488 2463 1658 2507 circiter

160 2523 297 2569 CXX
299 2559 312 2580 ,
354 2525 428 2580 qui
458 2525 508 2569 in
538 2525 719 2569 editione
741 2525 892 2581 priore
922 2525 1099 2579 fuerant
1132 2525 1219 2568 XL
1230 2539 1247 2579 ,·
1287 2524 1385 2567 huic
1418 2523 1657 2578 permultae

153 2584 347 2629 lectiones
384 2590 649 2629 accesserunt
691 2590 729 2629 et
774 2585 980 2629 librorum
1024 2585 1115 2629 iam
1156 2586 1314 2628 dudum
1354 2583 1654 2637 adhibitorum,

152 2658 255 2699 quos
284 2660 398 2689 nunc
421 2645 595 2701 plenius
626 2645 832 2701 exscripsi
862 2659 989 2700 quam
1015 2650 1155 2700 antea,
1189 2649 1227 2688 et
1251 2658 1455 2688 novorum
1481 2643 1654 2698 aliquot,

152 2704 303 2760 quibus
333 2706 392 2749 ad
422 2710 576 2749 textum
606 2706 904 2750 recensendum
937 2707 1077 2749 adhuc
1116 2720 1219 2750 usus
1251 2719 1339 2748 non
1370 2718 1500 2747 eram.
1565 2704 1656 2747 Nec

154 2765 338 2821 amplius
368 2766 541 2810 chartae
561 2766 793 2810 Bobienses
823 2766 872 2810 in
902 2767 1026 2810 rebus
1054 2765 1182 2822 yestis
1213 2763 1498 2809 describendis
1523 2764 1654 2819 neqle·

151 2827 313 2880 ⁴‹Jendae
338 2830 472 2879 erant,
495 2830 720 2881 postquam
741 2825 845 2880 fidei
871 2826 1066 2881 ipsarum
1090 2825 1280 2881 insiqnis
1300 2824 1456 2868 vindex
1479 2823 1653 2867 interim

153 2885 351 2928 surrexit.
414 2886 514 2929 Vita
539 2886 736 2930 Vedastis
760 2886 925 2930 auctori
951 2900 1026 2930 suo
1051 2886 1245 2930 restituta
1271 2886 1320 2928 de
1347 2885 1433 2928 loco
1455 2883 1654 2938 baptismi

161 2943 436 2989 Chlodoveclii
465 2946 871 2990 vehementissimam
908 2945 1237 2998 controversiam
1280 2944 1503 2998 intulerat,
1536 2944 1654 2987 data-

154 3017 232 3059 que
263 3005 489 3060 occasione,
523 3021 573 3049 ea
598 3020 705 3060 quae
731 3010 828 3050 ante
854 3006 928 3049 hos
953 3020 1091 3050 annos
1115 3005 1196 3049 liae
1221 3006 1272 3049 de
1295 3018 1341 3048 re
1368 3003 1654 3048 disserueram
