2008 3302
469 245 639 291 IONAS,
657 246 785 282 VITA
810 246 1066 284 IOHANNIS
1090 248 1325 286 ABBATIS.
1578 253 1646 288 331

146 369 329 412 noratil
368 369 607 424 religionis
647 369 798 411 forma
838 370 994 425 plures
1034 371 1293 414 instruebat
1336 375 1382 416 et
1422 373 1648 429 regularis

148 429 391 485 discipline
423 443 629 471 normam
663 431 823 471 tenere
856 443 932 472 eos
965 431 1331 474 commonebata.
1391 432 1507 476 Cum
1539 447 1648 488 ergo

16 535 21 537 ,
147 489 343 532 duorum
364 489 692 531 tantummodo
709 489 937 530 sodalium
955 490 1253 533 comitatione
1269 492 1334 534 ibi
1351 493 1646 548 pervenisset,

7 522 23 642 ι,
147 544 415 591 submotusb
444 548 592 591 omnis
619 548 806 591 honoris
833 551 880 590 et
902 548 1051 590 cultui
1078 550 1356 593 humilitatis
1384 554 1521 607 atque
1548 553 1648 595 obe-

105 623 123 651 5
147 609 327 652 diencie
359 608 607 659 subiectus,
640 608 858 650 ultimum
887 622 934 651 se
960 609 1173 651 omnibus
1200 610 1466 654 obediencie
1487 613 1648 667 iugum

145 669 339 712 ferendo
383 668 671 724 adaptavitss.
735 667 796 709 Et
837 682 940 710 cum
983 669 1075 709 iam
1118 683 1200 724 per
1241 670 1464 712 circulum
1505 668 1643 713 anni(l

147 742 315 784 sexque
346 742 527 771 menses
560 728 644 770 sub
678 728 805 770 omni
841 727 1123 769 humilitatis
1161 729 1291 771 cultu
1322 730 1514 773 ultimus
1547 731 1648 774 obe-

146 788 327 831 diencie
358 788 557 843 rigorem
584 788 742 838 ferret,
774 787 904 830 venit
927 787 1114 842 quidam
1142 789 1200 830 ad
1223 790 1508 844 prefactume
1538 791 1648 832 Liri-

146 861 288 891 nense
340 848 598 891 cenobium.
682 847 890 902 Cumque
952 847 1158 902 singulos
1219 850 1547 891 monachorum
1599 851 1648 891 in

87 925 122 951 10
145 908 296 964 operis
347 907 594 951 necessarii
646 921 756 949 usus
809 909 1018 949 cerneret
1069 907 1292 958 laborare,
1346 905 1491 951 viditf
1527 910 1649 952 inter

145 970 324 1011 ceteros
353 967 664 1011 venerabilem
708 968 854 1009 virum
901 967 1171 1009 Iohannem.
1236 967 1382 1020 Quem
1426 969 1504 1011 diu
1547 983 1648 1012 con-

145 1027 400 1085 templatus
417 1042 470 1070 ac
488 1028 544 1070 de
561 1027 794 1069 industria
812 1041 981 1069 nomen
1005 1027 1101 1069 eius
1123 1027 1373 1082 inquirens,
1398 1030 1645 1084 cognoscit,

146 1088 248 1144 quis
280 1090 413 1139 esset,
448 1087 752 1142 omnibusque
785 1087 1085 1143 patefaciens,
1120 1088 1178 1128 ad
1205 1087 1302 1130 eius
1328 1089 1523 1143 vestigia
1550 1103 1647 1144 pro-

146 1149 334 1200 stratus,
382 1148 567 1203 inquid:
623 1147 803 1190 ‘Nonne
850 1147 927 1189 hic
976 1149 1046 1189 est
1093 1147 1368 1190 venerabilis
1414 1148 1647 1190 Iohannes

87 1224 121 1251 ιε
146 1208 413 1257 monachus,
447 1208 527 1263 qui
558 1207 924 1263 praelationemg
949 1206 1175 1249 honorum
1207 1207 1403 1263 fugiens,
1438 1209 1496 1250 ad.
1529 1203 1642 1250 hech

146 1267 249 1310 loca
279 1267 537 1324 pervenit?
603 1267 810 1323 Cumque
843 1267 922 1322 qui
960 1267 1156 1309 aderant
1194 1267 1493 1321 inquirerent,
1536 1268 1647 1323 quid

146 1327 299 1370 dicere
329 1327 485 1378 vellet,
524 1327 605 1370 ille
637 1328 793 1370 omnia
826 1341 880 1369 ex
912 1321 1096 1369 ordinei
1134 1327 1375 1382 depromit,
1409 1324 1565 1382 qualik
1600 1341 1647 1369 se

145 1387 213 1430 rei
255 1387 427 1430 veritas
471 1387 657 1430 habeat.
722 1387 887 1442 Sicque
934 1386 1134 1442 agnitus,
1179 1388 1277 1428 tam
1322 1401 1349 1428 a
1392 1388 1648 1430 senioribus

145 1461 285 1503 quam
325 1461 353 1490 a
394 1448 593 1489 fratrum
637 1450 744 1490 cetu
791 1447 948 1489 debite
994 1447 1282 1489 venerationi
1329 1449 1398 1489 est
1445 1447 1646 1489 habitus.

85 1523 121 1549 πο
146 1506 248 1560 Quo
301 1510 550 1563 comperto,
599 1502 876 1562 Lingonice¹
928 1506 1056 1548 urbis
1104 1505 1387 1561 Gregorius²
1438 1507 1649 1562 pontifex

145 1571 295 1623 egrem
334 1568 457 1610 ferre
505 1568 647 1623 cepit,
695 1569 777 1608 ut¹¹
814 1567 1024 1609 subiecta
1065 1566 1180 1608 sibi⁰
1218 1566 1345 1622 plebi
1391 1567 1642 1608 solaminap

143 1627 395 1684 perderit‘l,
430 1628 688 1683 direxitque
721 1627 893 1682 absque
921 1626 1173 1668 dilationer
1201 1629 1281 1669 exs
1312 1627 1408 1669 eius
1435 1627 1649 1669 coenubii

145 1689 276 1744 septa
307 1688 432 1730 virus
465 1701 568 1730 cum
612 1685 943 1743 epistularumt
977 1686 1362 1742 subplimentum:
1407 1701 1547 1728 unam
1590 1687 1647 1728 ad

145 1761 250 1790 eum
292 1748 372 1803 qui
412 1750 626 1803 praeerat
658 1748 836 1802 adqueu
867 1747 1076 1789 subiecta
1110 1747 1198 1788 sibi
1229 1746 1410 1801 plebeV,
1455 1747 1552 1789 eius
1583 1760 1647 1788 re-

85 1821 120 1848 25
145 1807 245 1850 dito
277 1808 498 1850 contrarii
523 1811 614 1850 neW
637 1810 802 1856 essent,
835 1811 973 1848 nanax
1001 1807 1198 1848 damnoy
1227 1806 1478 1848 *communi
1510 1806 1648 1862 parti-

145 1881 252 1923 ceps
302 1868 482 1918 forent;
541 1867 680 1909 aliam
736 1867 975 1923 propriaez
1024 1867 1080 1908 ad
1135 1867 1282 1908 virum
1337 1866 1647 1908 venerabilem

144 1927 417 1978 Iohannem,
441 1927 643 1969 reditum
665 1927 927 1982 postulans:
952 1927 1073 1981 quod
1098 1927 1149 1977 si,
1173 1926 1386 1981 opposita
1409 1926 1644 1976 dilatione,

142 1987 299 2030 facere
339 1987 586 2037 neclexita,
628 1987 853 2029 iudicium
893 1987 1224 2042 omnipotentis
1259 1986 1345 2028 Dei
1389 1986 1444 2028 de
1478 1986 1645 2027 damno

143 2043 336 2090 omisseb
368 2048 455 2089 hac
489 2047 736 2090 derelictec
769 2046 928 2102 plebes
965 2047 1168 2102 recipere
1202 2046 1433 2088 metuerit.
1496 2045 1646 2098 Quam

83 2121 119 2147 zo
144 2121 329 2150 causam
361 2107 560 2162 utrique,
594 2109 688 2148 tam
723 2107 803 2162 qui
834 2109 1046 2162 praeerat
1078 2107 1136 2148 ob
1169 2106 1278 2148 boni
1310 2102 1508 2147 sodalisd
1539 2106 1646 2147 ami·

142 2167 283 2219 sione,
325 2181 463 2222 quam
505 2167 646 2210 etiam
687 2168 976 2210 venerandus
1018 2166 1241 2208 Iohannis
1282 2166 1339 2207 ob
1380 2165 1540 2207 iudicii
1582 2165 1645 2206 in·

358 2284 428 2316 Cap.
449 2284 475 2310 4.
515 2283 567 2309 Al
582 2285 614 2315 (a
633 2284 653 2309 l.
669 2285 727 2316 21).
747 2284 774 2309 2.

287 2355 369 2387 Cap.
390 2356 407 2381 4
461 2355 491 2389 a)
519 2356 729 2381 commanebat
746 2355 810 2380 ΔΞ.
897 2354 927 2387 b)
956 2356 998 2380 ita
1016 2354 1141 2386 ser-ipen
1168 2354 1305 2379 submotu
1325 2353 1387 2378 A2.
1474 2353 1501 2386 c)
1521 2351 1645 2385 adopta-

143 2391 189 2417 vit
207 2392 234 2417 A
247 2392 274 2417 2.
349 2392 379 2426 d)
398 2392 471 2417 inni
490 2392 554 2417 A2.
639 2391 666 2424 e)
686 2392 728 2416 ita
741 2399 790 2423 pr.
810 2399 847 2418 m.
866 2392 930 2417 A2.
1005 2391 1026 2423 f)
1047 2390 1132 2416 venit
1150 2390 1213 2415 ΑΞ.
1288 2390 1317 2423 g)
1337 2390 1379 2414 ita
1397 2390 1432 2415 B.
1455 2389 1493 2420 0;
1512 2390 1645 2414 sublimi-

83 2430 118 2457 35
143 2430 236 2454 tatem
255 2427 318 2455 A2.
391 2427 423 2461 h)
442 2428 499 2453 hoc
518 2428 581 2453 A2.
656 2427 677 2459 i)
698 2426 858 2453 exordinet
875 2427 901 2451 A
913 2428 940 2452 2.
1021 2427 1051 2460 k)
1071 2427 1113 2451 ita
1132 2427 1158 2450 A
1170 2427 1184 2450 2
1204 2425 1257 2456 (ef.
1274 2433 1307 2457 p.
1324 2426 1386 2454 180,
1402 2426 1458 2457 12).
1533 2425 1554 2458 l)
1575 2426 1645 2450 Lin-

143 2464 270 2495 guoniee
288 2463 352 2489 ΑΞ.
445 2463 486 2496 m)
515 2465 558 2488 ita
581 2463 706 2495 scripstss·
735 2464 790 2488 hcc
819 2464 934 2489 reterre
953 2463 1016 2488 A2.
1110 2464 1141 2491 n)
1169 2462 1200 2486 in
1228 2465 1261 2486 ut
1288 2462 1362 2486 redit
1382 2462 1450 2493 A13
1480 2459 1560 2492 quod
1579 2461 1642 2486 ΑΞ.

143 2500 173 2530 o)
199 2500 336 2525 subiecta
354 2500 423 2531 (sibi
441 2499 510 2533 om.)
530 2499 610 2532 plebi
628 2499 698 2531 A13
728 2500 862 2525 subiecte
881 2499 938 2524 sibi
957 2499 1039 2524 urbis
1058 2499 1144 2530 plebs
1164 2498 1224 2523 ΑΞ.
1306 2499 1336 2529 p)
1364 2504 1472 2527 magna
1491 2497 1558 2521 add.
1580 2497 1603 2520 A
1616 2498 1642 2522 2.

143 2537 174 2567 q)
192 2534 368 2567 perdiderat
386 2536 449 2561 A2.
507 2537 532 2567 r)
551 2536 594 2560 ita
613 2536 682 2567 A23
703 2533 885 2561 dilatacione
904 2535 969 2562 Al.
1023 2535 1047 2567 s)
1067 2534 1109 2558 ita
1122 2534 1148 2558 A
1160 2535 1190 2566 13
1211 2532 1250 2558 ad
1270 2534 1332 2558 A2.
1390 2533 1412 2565 t)
1433 2533 1643 2564 epistolaribus

143 2572 382 2598 exortationibus
401 2579 431 2597 u.
451 2572 515 2597 A2.
607 2571 639 2604 u)
663 2579 709 2603 pr.
731 2572 856 2597 nocebio
877 2572 930 2602 (sic
942 2578 1001 2602 pro
1022 2571 1160 2601 cenobio)
1180 2568 1260 2601 quod
1280 2569 1414 2594 subiecte
1435 2576 1457 2593 s.
1479 2568 1559 2600 piebi
1578 2568 1641 2592 Az.

81 2610 119 2635 40
142 2610 176 2641 v)
196 2608 228 2633 in
247 2608 315 2635 add.
337 2608 400 2633 A2.
474 2608 514 2641 w)
534 2607 576 2632 ita
594 2607 716 2639 scripsi,-
735 2608 867 2632 inessent
885 2607 955 2639 Al;
977 2610 1076 2632 essent
1095 2608 1119 2630 A
1132 2607 1158 2631 2.
1233 2605 1263 2638 x)
1290 2613 1327 2630 ne
1346 2605 1415 2636 Al3
1443 2612 1512 2629 nam
1533 2607 1561 2628 et
1582 2604 1643 2631 ΑΞ.

142 2642 174 2677 y)
203 2642 312 2669 domno
332 2651 356 2671 c.
375 2643 444 2676 2113
473 2642 596 2676 dampni
621 2644 783 2669 communis
802 2643 866 2668 ΑΞ.
965 2642 992 2675 z)
1020 2642 1173 2674 propriam
1192 2642 1218 2665 A
1230 2642 1255 2666 2.
1348 2640 1376 2673 a)
1406 2639 1562 2670 negligerit
1581 2639 1607 2663 A
1619 2640 1643 2667 2.

142 2679 173 2712 b)
201 2679 331 2705 admisso
349 2679 413 2705 A2.
507 2681 534 2710 c)
563 2678 708 2705 derelicta
726 2679 831 2711 plebes
850 2680 919 2711 A13
950 2677 1095 2704 derelicta
1114 2678 1202 2709 plebe
1221 2677 1284 2703 A2.
1389 2674 1419 2708 d)
1448 2674 1559 2700 sodolis
1577 2675 1604 2698 A
1616 2676 1640 2699 1.

145 2781 181 2825 1)
219 2780 406 2814 Honorati
437 2781 645 2815 Lerinensis
683 2791 716 2816 a.
743 2782 824 2816 426.
868 2781 1023 2824 episcopi
1060 2778 1281 2812 Arelatensis
1323 2777 1417 2818 facti
1451 2777 1642 2820 paucisque

142 2831 254 2862 annis
273 2833 358 2872 post
381 2829 541 2872 defuncti
567 2832 770 2873 praecepta,
804 2829 1007 2861 adveniente
1031 2827 1204 2868 Iohanne,
1240 2826 1280 2858 in
1305 2824 1426 2857 insula
1450 2825 1643 2857 etiamtunc

81 2890 118 2917 45
142 2876 315 2920 viyebant,
348 2880 389 2910 ut
413 2877 525 2911 locum
550 2881 639 2911 recte
662 2878 922 2920 interpretatus
947 2879 997 2908 est
1021 2875 1226 2907 Isudovieas
1248 2872 1444 2912 Duchesne,
1472 2871 1642 2904 ‘Bulletin

142 2925 304 2969 critique’
322 2926 427 2969 1893,
451 2936 486 2969 p.
504 2927 586 2961 456.
686 2926 721 2968 2)
756 2924 854 2957 Sedit
879 2934 912 2958 a.
932 2923 1178 2967 506s7—539.

1675 1818 1720 1850 *p.
1734 1819 1797 1847 509.
