2008 3302
441 216 608 264 IONAS,
626 217 788 255 VITAE
814 218 1118 256 COLUMBANI
1141 219 1286 257 LIBRI
1310 220 1362 259 H.
1580 224 1648 260 119

157 339 303 394 Neque
347 354 444 383 vero
484 355 626 384 omnes
664 356 771 396 quae
810 341 860 384 in
890 342 933 384 A
951 347 976 384 3
1019 347 1245 386 occurrunt
1283 343 1477 387 lectiones
1516 345 1648 388 bonae

155 403 277 442 notae
315 404 426 453 sunt,
468 414 489 443 e
528 401 644 453 fonte
683 401 835 456 optimo
875 402 1151 456 depromptae,
1193 404 1268 446 sed
1303 403 1459 447 multae
1491 403 1553 447 ibi
1583 406 1647 448 de-

146 458 471 514 prehenduntur
509 461 784 504 correctiones
829 461 1103 515 arbitrariae,
1150 462 1272 505 multi
1317 463 1471 518 hiatus,
1515 478 1648 519 neque

32 543 35 551 ·
153 517 497 573 interpolationes
536 521 698 563 desunt.
769 521 828 563 In
868 520 1002 564 locum
1044 521 1246 576 Siyiberti
1289 522 1403 578 reglis
1442 523 1649 567 librarius

28 574 31 609 ἶ
111 592 130 619 ⁶
159 575 467 622 Ghildebertum
497 579 734 623 substituit:

48 675 54 682 ,
212 637 252 691 Ι,
277 642 316 680 6.
380 636 612 695 Sigiberti]
635 639 726 682 rell.
737 653 754 693 ,·
777 639 1065 683 Ohildeberti
1085 640 1180 683 A3.
1204 640 1259 683 3‘.
1283 641 1329 683 3*
1352 656 1374 684 e
1394 642 1645 697 coniectura,

32 684 57 738 *r
153 709 284 752 quare
314 697 441 741 etiam
471 713 523 741 ea
552 698 778 742 immutare
809 703 974 743 coactus
1005 704 1075 751 est,
1109 714 1215 754 quae
1240 702 1289 744 de
1315 701 1483 756 reyibus
1503 703 1646 746 Fran-

32 762 50 770 *
152 770 294 800 corum
323 757 450 811 infra
479 759 616 801 relata
646 763 795 802 erant:

211 816 251 871 I,
278 821 345 860 18.
379 818 636 874 Sigibertus
669 820 854 870 etenim,
898 819 1027 862 ouius
1060 821 1269 875 superius
1299 821 1494 864 fecimus
1526 836 1645 865 men-

39 875 127 934 <ξ’-ιιο
434 878 623 932 tionem]
657 879 892 935 Siquidem
925 879 1182 935 sigibertus
1213 894 1292 923 rex
1314 880 1358 923 A
1375 885 1415 924 3.
1439 885 1494 923 3¹.
1519 880 1584 933 3⁸;

39 933 59 984 ἦ
258 935 314 980 ib.
378 938 622 995 Perempto
662 939 820 995 itaque
862 939 1105 995 Sigiberto,
1149 939 1476 983 Childebertus
1522 941 1644 984 filius

34 993 57 1121 Ξ
150 1056 220 1099 Ν.
249 994 818 1113 Μενοωῧὲἒὲἷῃῗῗᾷῧῐῖ
831 999 1505 1114 Ἑξῖἷέῗῗὲἒέἓέῗῖξῗὲῑῇῗ·
1518 1000 1573 1044 ³²
1587 998 1643 1043 δ’·

29 1112 54 1171 ,ἒξ
209 1116 249 1170 Ι,
273 1119 343 1160 28.
375 1115 688 1174 Mervengum]
739 1132 786 1161 se
834 1116 934 1170 (om.
981 1116 1101 1174 A3*)
1149 1133 1302 1175 regem
1344 1120 1447 1162 A3.
1480 1120 1556 1174 3*,·
1600 1125 1647 1164 at

34 1186 124 1230 §swas
433 1191 588 1233 regem
620 1179 921 1234 Mervengum
952 1178 996 1221 A
1014 1180 1068 1220 3‘.
1093 1176 1164 1221 3‘*.

36 1226 57 1291 ἢ
147 1239 272 1289 atque
295 1236 518 1290 passivum
547 1237 609 1280 ibi
638 1239 894 1292 sublaturus,
931 1238 1004 1280 ubi
1035 1237 1218 1281 activum
1249 1238 1496 1293 requiritur,
1529 1253 1643 1283 voca-

148 1295 290 1338 bulum
320 1295 509 1339 alienum
540 1297 671 1340 textui
701 1297 872 1340 intulit:

206 1354 247 1410 I,
270 1359 336 1398 19.
359 1354 618 1412 oraturque]
632 1357 990 1414 Alloquiturque
1002 1355 1104 1414 (que
1118 1355 1418 1414 om.A3*)A3.
1434 1358 1487 1402 δ’.
1500 1356 1571 1402 3‘*.
1585 1359 1642 1400 31

153 1414 274 1469 Quod
301 1415 345 1458 A
363 1420 402 1457 3.
427 1415 470 1458 3*
500 1430 591 1459 una
622 1431 715 1460 cum
745 1416 789 1459 A
806 1421 832 1459 2
864 1419 1004 1460 eodem
1035 1418 1121 1460 loco
1151 1417 1299 1460 hiant:

36 1484 56 1517 ,ν’
87 1489 123 1517 20
207 1474 247 1528 Ι,
274 1479 342 1518 17.
363 1476 608 1532 imperavit
625 1474 1148 1533 [sancti—temperavit
1165 1474 1640 1533 om.A2.3.3‘.3‘*.3*]‚

148 1548 240 1577 cum
263 1535 390 1578 verba
412 1549 495 1590 per
518 1536 863 1579 homoeoteleuton
887 1537 1044 1579 omissa
1065 1536 1299 1591 propinqui
1323 1536 1462 1591 huius,
1488 1537 1646 1581 scilicet

146 1593 191 1637 A
207 1597 278 1638 2a.
310 1608 343 1647 c,
384 1595 619 1650 exhibeant,
662 1610 908 1639 consensum
937 1596 1112 1650 fortuito
1144 1596 1367 1652 contiyisse
1397 1596 1642 1640 existimem.

148 1653 422 1698 Necessitudo
448 1669 546 1698 vero
567 1670 659 1699 cum
681 1657 813 1699 classe
832 1655 878 1698 B
897 1656 1160 1699 intercedens
1190 1657 1252 1700 vel
1282 1657 1432 1700 mendo
1463 1659 1644 1711 quodam

147 1714 358 1757 communi
387 1716 688 1768 confirmatur:

87 1788 121 1816 ιο
206 1773 247 1828 Ι,
270 1777 340 1816 20.
373 1789 508 1830 quem
541 1777 750 1831 superius
783 1773 1024 1831 direxerat]
1060 1791 1101 1832 q.
1135 1791 1169 1819 s.
1203 1777 1382 1819 dixerat
1422 1773 1641 1833 (dixeram

430 1835 475 1877 A
493 1839 532 1877 3.
558 1840 611 1877 3⁴.
636 1834 708 1879 δ”.
740 1835 786 1878 Β
806 1834 870 1891 lb)
902 1835 1002 1878 A3.
1034 1836 1079 1878 B
1099 1841 1165 1879 la.
1189 1837 1226 1880 b.
1248 1841 1296 1888 2;

144 1891 194 1935 in
223 1907 269 1936 eo
300 1893 414 1937 enim
443 1908 495 1937 ex
525 1909 606 1949 quo
627 1897 817 1949 pendent
845 1895 1076 1949 exemplari
1102 1897 1280 1939 dixerat
1302 1910 1387 1950 pro
1414 1897 1642 1939 direxerat

143 1952 347 2007 scriptum
377 1968 464 1997 esse
485 1959 617 2009 patet.

294 2012 456 2056 Classis
480 2014 523 2056 A
541 2018 580 2068 4,
614 2016 673 2057 ad
701 2028 828 2069 quam
859 2014 1194 2059 examinandam
1224 2029 1377 2058 novum
1407 2014 1642 2058 subsidium

85 2087 120 2114 ιο
144 2071 261 2115 nacti
290 2086 446 2126 sumus,
488 2078 605 2116 eruto
636 2073 745 2117 libro
776 2074 818 2116 A
836 2079 905 2128 4a,
948 2076 1007 2117 ad
1042 2078 1196 2117 textum
1226 2076 1525 2118 recensendum
1554 2089 1643 2118 non

143 2132 248 2174 adeo
288 2132 409 2184 facit.
472 2133 540 2176 De
580 2148 630 2176 ea
670 2134 783 2176 enim
823 2133 912 2177 iam
950 2134 1061 2177 idem
1100 2134 1322 2177 dicendum
1362 2139 1423 2177 est
1452 2135 1563 2188 quod
1591 2136 1642 2177 de

143 2191 276 2234 classe
306 2192 350 2234 A
370 2196 430 2235 lc.
463 2194 503 2246 d,
551 2193 710 2236 seilicet
740 2194 822 2236 duo
853 2195 1053 2236 elementa
1082 2194 1132 2236 in
1163 2209 1214 2237 ea
1254 2194 1470 2247 coaluisse,
1518 2198 1642 2248 atque

143 2250 339 2305 reliquiis
369 2252 622 2307 exemplaris
657 2267 686 2308 y
715 2254 844 2296 multo
875 2254 1025 2307 plures
1062 2253 1272 2308 oppositae
1311 2258 1411 2296 sunt
1449 2252 1642 2297 lectiones

143 2310 292 2353 classis
322 2311 365 2354 A
384 2316 422 2366 2,
454 2311 519 2355 ita
549 2316 597 2355 ut
625 2313 668 2354 A
686 2316 711 2354 4
743 2327 830 2356 non
860 2314 994 2356 solum
1025 2328 1118 2356 cum
1148 2313 1191 2355 A
1210 2318 1248 2367 3,
1288 2314 1362 2356 sed
1391 2313 1518 2356 etiam
1549 2327 1642 2356 cum

84 2387 118 2414 85
142 2370 186 2412 A
207 2374 265 2413 lc.
290 2372 330 2414 d.
355 2375 393 2414 2.
421 2376 478 2414 2a
516 2371 822 2415 necessitudine
862 2374 1048 2427 quadam
1080 2373 1304 2416 coniuncta
1344 2373 1411 2416 sit.
1474 2373 1642 2416 Menda

143 2434 281 2473 autem
305 2430 354 2473 in
375 2445 425 2474 ea
447 2432 816 2485 deprehenduntur
837 2447 929 2475 cum
950 2432 1191 2476 communia
1211 2432 1417 2476 librorum
1437 2433 1481 2475 A
1495 2436 1535 2475 2.
1559 2436 1641 2475 2α.·

201 2490 242 2543 Ι,
267 2494 306 2534 3.
340 2489 623 2546 exaestuans]
659 2493 770 2534 dum
801 2494 900 2535 add.
933 2492 976 2534 A
994 2497 1034 2535 2.
1059 2497 1127 2535 2a.
1152 2496 1192 2535 4.
1217 2496 1299 2547 4a,·

201 2549 242 2603 I,
267 2553 307 2592 4.
341 2548 647 2607 carinamque]
683 2553 883 2595 carinam
918 2567 1054 2608 quam
1086 2553 1129 2594 A
1149 2556 1188 2594 2.
1214 2557 1284 2596 2a.
1307 2557 1349 2595 4.
1372 2556 1442 2606 4α,

143 2612 230 2652 tum
251 2610 484 2664 praecipue
515 2625 565 2653 ea
597 2611 748 2664 quibus
778 2613 892 2654 solus
923 2613 966 2654 A
984 2616 1041 2655 2a
1071 2612 1325 2667 inquinatus
1356 2616 1439 2654 est:

79 2683 117 2710 ιο
202 2669 242 2722 Ι,
269 2673 306 2711 1.
340 2668 617 2727 linquerent]
652 2671 916 2727 linguerent
947 2672 1066 2715 A2a
1098 2669 1183 2726 (pr.
1215 2670 1309 2725 m.).
1343 2676 1427 2725 4a,·

201 2729 242 2783 I,
267 2733 306 2771 5.
340 2730 557 2772 humiliat
571 2730 852 2773 exaltabitur
867 2729 992 2783 (Luc.
1005 2736 1071 2783 14,
1086 2736 1106 2774 1
1115 2728 1174 2786 1)]
1192 2732 1368 2774 exaltat
1381 2731 1639 2773 humiliabi-

426 2792 506 2831 tur
523 2788 642 2842 (item
658 2803 709 2832 ex
723 2790 948 2844 Scriptura
964 2790 1112 2845 sacra)
1127 2791 1170 2832 A
1182 2795 1251 2833 2a.
1269 2794 1311 2832 4.
1329 2795 1386 2833 4a
1404 2789 1511 2844 (non
1523 2789 1637 2844 Ae),

142 2846 260 2902 isque
290 2848 403 2891 solus
434 2849 630 2892 lemmata
662 2863 694 2892 c.
720 2853 790 2892 28.
815 2854 869 2892 29
903 2865 996 2893 cum
1016 2850 1059 2892 A
1077 2855 1135 2894 4a
1167 2849 1427 2893 consentiens
1457 2863 1532 2892 suo
1553 2849 1640 2892 loco

141 2906 270 2950 movit
307 2912 346 2950 et
383 2909 442 2951 ad
475 2908 769 2962 subsequentia
799 2909 970 2952 rettulit.
1039 2910 1193 2952 Textus
1227 2908 1420 2952 laterculi
1456 2908 1641 2963 capitum
