2008 3302
432 276 603 323 IONAS,
622 275 785 314 VITAE
811 275 1119 314 COLUMBANI
1144 277 1291 314 LIBRI
1311 277 1365 316 II.
1608 282 1656 318 25

290 399 476 454 *Requla
515 414 644 454 quam
683 399 931 443 examinavi
971 400 1228 444 coenobialis
1258 415 1424 455 poenas
1463 402 1654 455 fratrum
1681 413 1724 441 *.
1773 436 1780 443 .

146 459 478 515 delinquentium
526 459 736 513 continet,·
778 464 1005 514 praecepta
1052 465 1191 503 autem
1231 460 1509 516 institutaque
1550 476 1653 505 com-

144 519 296 564 munia
326 534 356 563 a
385 518 606 563 monachis
638 519 903 562 observanda
934 518 1220 564 Columbanus
1249 520 1299 564 in
1330 521 1479 576 requla
1509 536 1654 565 mona-

14 578 54 629 jps-
145 579 318 624 chorum
332 579 347 605 ¹
378 579 552 634 colleqit,
595 593 702 634 quae
741 578 790 622 in
829 593 915 622 uno
945 578 1172 622 Benedicti
1202 580 1474 624 Anianensis
1515 582 1654 626 codice

10 642 38 692 ';
100 655 122 684 ι
144 653 238 684 cum
258 639 396 682 altera
416 638 480 682 ita
501 638 728 682 coniuncta
749 643 820 692 est,
846 642 894 681 ut
919 653 952 682 c.
981 642 1033 680 10
1057 637 1264 693 (praescr.
1290 641 1359 684 De
1382 642 1652 686 diversitate

23 694 57 754 ᾆζ
144 699 408 756 culparum)
450 698 578 742 totius
617 697 806 753 corporis
845 698 1023 751 efficiat.
1086 698 1293 742 Maxima
1329 714 1443 755 pars
1482 702 1653 756 requlae

13 749 43 810 {-
141 758 443 802 monachorum
464 757 736 811 mortificatio
761 762 864 812 erat,
897 757 1059 801 scilicet
1087 758 1342 813 spiritualis,
1375 759 1440 803 ita
1463 764 1510 803 ut
1529 775 1653 804 suum

13 814 42 846 ’Ψ
142 817 316 874 quisque
347 817 526 861 liberum
556 817 786 861 arbitrium
811 818 1063 861 conculcans
1083 819 1134 861 de
1156 832 1227 862 ore
1249 820 1456 873 penderet
1475 820 1654 864 alterius

141 891 273 932 neque
304 877 506 932 coqitaret
536 891 668 932 neque
699 877 938 932 loqueretur
960 877 1146 932 propria
1170 892 1302 933 neque
1326 878 1410 922 iret
1440 894 1652 935 quoquam

81 954 119 984 ιο
142 937 282 982 libere.
334 937 466 981 Dura
487 937 568 981 hac
589 937 820 991 disciplina
841 937 1105 981 securitatem
1131 938 1284 982 mentis
1308 939 1478 983 servari
1503 944 1653 983 auctor

141 1001 263 1041 ratus
293 1001 364 1050 est,
387 1011 481 1040 cum
501 996 576 1052 qui
605 1011 769 1052 semper
797 996 1147 1052 interroyavisset
1169 1013 1401 1053 numquam
1426 999 1515 1054 ipse
1535 1013 1651 1043 erra-

141 1060 264 1100 turus
302 1061 419 1100 esset.
481 1057 715 1100 Monachis
754 1056 890 1111 iyitur
929 1061 976 1099 ut
1014 1059 1197 1112 superba
1236 1058 1411 1102 libertas
1447 1060 1649 1113 cavenda,

139 1115 204 1160 ita
224 1130 327 1160 vera
347 1116 569 1160 humilitas
589 1116 792 1160 discenda
813 1121 918 1160 erat.
966 1117 1042 1160 Ad
1057 1117 1250 1171 primum
1271 1118 1441 1162 verbum
1466 1118 1651 1162 senioris

141 1190 284 1220 omnes
315 1177 375 1220 ad
403 1176 705 1220 oboediendum
736 1190 908 1231 surqere
949 1178 1162 1231 oportebat
1170 1192 1188 1232 ,·
1233 1178 1496 1222 oboedientia
1536 1178 1651 1222 enim

80 1253 117 1282 ιο
140 1250 270 1291 usque
316 1237 377 1280 ad
419 1240 593 1279 mortem
631 1240 862 1291 praecepta
908 1241 1013 1279 erat.
1092 1237 1324 1281 Praeterea
1375 1238 1648 1292 abstinentia,

141 1295 317 1340 castitas
347 1310 434 1339 non
477 1296 612 1339 solum
644 1295 846 1350 corporis,
888 1297 963 1339 sed
1000 1296 1128 1340 etiam
1168 1297 1333 1351 mentis,
1376 1298 1650 1341 taciturnitas

139 1354 252 1399 inter
281 1355 457 1398 virtutes
486 1355 791 1399 monachorum
821 1360 1107 1399 recensentur.
1160 1357 1420 1411 Paupertate
1451 1362 1490 1400 et
1515 1358 1650 1411 facul-

140 1418 274 1459 tatum
316 1419 550 1469 contemptu
588 1415 788 1458 monachi
823 1417 883 1458 ad
911 1415 1107 1470 primam
1137 1416 1443 1471 perfectionem
1474 1432 1650 1472 proqre·

140 1519 326 1557 ‘Zefftschra
361 1520 392 1562 f.
426 1520 713 1565 Kirohenyesch!
738 1520 823 1566 XV,
854 1533 894 1565 p.
916 1522 989 1557 244
1000 1523 1105 1565 sqq.),
1142 1521 1206 1555 ubi
1234 1533 1412 1565 germana
1438 1522 1653 1557 Columbani

79 1574 118 1603 ὀ
139 1567 246 1603 verba
272 1568 428 1612 ‘senior’,
456 1570 571 1613 ‘pater
594 1569 819 1603 monasterii'
844 1570 884 1602 in
910 1569 1097 1603 ‘abbatem’
1122 1571 1313 1604 immutata
1337 1571 1379 1614 (c.
1405 1571 1443 1614 8)
1467 1571 1649 1615 multaque

20 1642 23 1643 γ
140 1626 185 1651 0oe
219 1617 304 1651 aliis
338 1616 499 1659 fontibus
532 1617 752 1660 interpolata
784 1617 1112 1661 deprehenduntur.
1167 1618 1360 1662 Utramque
1390 1619 1506 1653 editor
1529 1630 1650 1653 recens

9 1661 18 1705 ξ
139 1663 312 1709 (Seebass,
340 1664 526 1700 ‘Zeitschr.
553 1666 580 1708 f.
606 1665 900 1708 Ke‘rchenqesch.’
924 1665 1053 1707 XVII,
1073 1677 1114 1710 p.
1131 1667 1339 1710 218—234)
1365 1668 1404 1700 in
1429 1677 1543 1700 unum
1567 1678 1649 1701 con-

10 1708 14 1710 *
139 1713 248 1756 fudit,
281 1712 530 1747 additamenta
562 1713 714 1747 alterius
746 1714 878 1747 litteris
911 1713 1166 1748 minutioribus
1199 1716 1414 1759 api-imens,
1446 1725 1650 1760 parumque

138 1770 185 1795 σω
207 1759 352 1795 Donato
371 1762 565 1805 profecisse
589 1761 682 1794 mihi
705 1761 856 1805 videtur,
893 1763 955 1806 qui
984 1772 1105 1796 veram
1134 1762 1314 1796 lectionem
1343 1773 1517 1807 persaepe
1549 1764 1650 1797 solus

11 1810 33 1839 Β
79 1814 116 1842 2⁶
138 1810 292 1843 servavit
327 1818 355 1844 e.
429 1823 455 1844 ..·

22 1842 30 1857 ⁹
184 1865 215 1892 c.
234 1857 267 1892 7.
293 1819 571 1901 Ὠυὰρζὶίᾳυαω
596 1856 910 1901 contemptionem
945 1867 1030 1891 cum
1055 1856 1205 1891 tristitia
1229 1858 1382 1904 promit]
1407 1859 1503 1900 falso
1528 1859 1625 1895 codd.
1637 1871 1649 1899 ,-

357 1904 428 1947 leye
453 1904 515 1949 qui
540 1903 678 1949 aliquid
703 1915 788 1939 cum
814 1904 1103 1940 contradictione
1139 1907 1202 1939 aut
1226 1908 1272 1941 tr.
1300 1918 1353 1950 pr.
1380 1917 1460 1940 cum
1485 1907 1649 1951 Donato,-

187 1961 215 1988 c.
233 1953 267 1988 8.
293 1953 399 1987 extra
423 1951 562 1998 sepem]
587 1953 686 1995 falso
711 1953 827 1992 codd.,·
852 1955 957 1987 extra
982 1955 1087 1997 septa
1110 1956 1199 1988 recte
1223 1954 1402 1988 Donatus.

139 1999 353 2035 Novis-simis
385 2005 502 2034 autem
537 2001 690 2034 eiusdem
724 2004 883 2035 auctoris
915 2001 1048 2034 studiis
1072 2001 1277 2045 (‘Zeitschr.
1304 2003 1331 2045 f.
1358 2002 1647 2046 Kirchenqesch!

78 2053 115 2081 80
138 2046 292 2092 XVIII,
313 2059 352 2092 p.
372 2049 417 2085 58
430 2049 521 2093 sqq.)
554 2059 607 2082 me
633 2049 804 2082 assentiri
827 2059 896 2083 non
918 2059 1023 2092 posse
1047 2050 1198 2092 inqenue
1222 2051 1348 2092 fateor.
1400 2049 1495 2084 Sane
1518 2051 1648 2094 reyula

139 2097 241 2129 cuius
281 2097 355 2139 ipse
395 2096 502 2138 finem
542 2097 636 2130 eruit
676 2098 860 2140 virqinum
901 2097 1108 2139 (‘Zeitschr.
1146 2099 1174 2140 f.
1212 2097 1502 2141 Kirchenqesch!
1540 2098 1648 2141 XVI,

132 2153 174 2187 p.
191 2144 264 2180 464
275 2146 367 2188 sqq.)
391 2145 496 2178 initio
513 2154 592 2177 cum
617 2145 746 2187 requla
764 2144 975 2178 Columbani
997 2146 1156 2187 qenuina
1182 2146 1230 2178 ad
1254 2156 1281 2181 c.
1301 2147 1334 2188 9,
1361 2147 1452 2180 sicut
1468 2147 1646 2190 Donatus,

137 2191 262 2225 deinde
287 2195 405 2225 autem
430 2202 510 2225 cum
534 2192 870 2235 interpolationibus
886 2192 1038 2226 alterius
1062 2194 1274 2226 recensionis
1298 2200 1343 2235 (c.
1362 2195 1395 2228 9.
1416 2195 1460 2230 15
1473 2196 1545 2237 eat.)
1568 2204 1649 2228 con-

137 2240 245 2273 sentit
270 2239 424 2283 locosque
449 2239 538 2273 duos
563 2240 714 2282 eoehibet,
740 2241 805 2283 qui
827 2241 934 2273 etiam
960 2241 1060 2283 apud
1086 2240 1271 2274 Donatum
1295 2243 1340 2284 (c.
1362 2243 1417 2278 19.
1437 2243 1500 2282 75)
1524 2246 1649 2276 extant

12 2294 19 2307 ¹
78 2292 114 2320 ³5
138 2297 247 2331 neque
270 2290 395 2322 extant
419 2288 460 2320 in
485 2288 621 2330 reyulis
639 2287 821 2321 Benedicti
843 2291 908 2321 aut
927 2286 1102 2331 Caesarii,
1128 2289 1189 2322 sed
1213 2289 1295 2322 inde
1318 2291 1464 2323 minime
1487 2292 1649 2334 sequitur

138 2345 194 2369 eos
230 2345 275 2368 ew
310 2336 415 2369 tertio
451 2338 597 2369 auctore
632 2335 858 2379 depromptos
893 2346 964 2369 esse
999 2345 1158 2380 novaque
1190 2336 1318 2379 requla
1345 2337 1649 2372 Columbanianae

132 2383 367 2426 posteriorem
400 2383 585 2426 quandam
613 2387 758 2426 partem
792 2384 975 2427 contineri,
1011 2385 1119 2418 immo
1153 2385 1344 2418 contraria
1371 2387 1496 2429 potius
1529 2387 1649 2429 opinio

138 2430 359 2464 admittenda
383 2434 443 2474 est,
470 2441 550 2464 cum
569 2430 808 2465 Columbanus
835 2432 1073 2465 meridianam
1097 2435 1129 2465 et
1153 2434 1389 2476 vespertinam
1413 2434 1648 2475 confessiones

137 2480 316 2522 statuerit,
336 2478 504 2512 Donatus
520 2481 638 2512 autem
655 2480 692 2512 in
712 2481 824 2523 capite
840 2480 1000 2523 expilata
1019 2481 1073 2515 19.
1090 2481 1248 2522 tertiam,
1265 2481 1399 2514 scilicet
1416 2482 1645 2526 matutinam,

77 2532 115 2558 ιο
138 2526 322 2560 addiderit
354 2527 560 2570 trinamque
591 2527 697 2560 etiam
732 2528 772 2561 in
796 2528 1014 2561 monasterio
1038 2528 1221 2571 virqinum
1246 2528 1482 2562 Evoriacensi
1503 2531 1647 2564 solitam

138 2575 251 2617 fuisse
283 2577 422 2610 constet.
471 2575 561 2608 Loci
591 2576 706 2618 iyitur
729 2575 861 2619 quibus
885 2575 1090 2610 Seebassius
1123 2577 1257 2609 nititur
1282 2586 1361 2609 cum
1387 2577 1531 2611 Donato
1567 2588 1648 2612 con-

137 2626 306 2665 yruentes
330 2622 376 2656 ab
399 2623 477 2666 ipso
501 2632 608 2666 neque
634 2633 658 2656 a
683 2622 902 2657 Columbano
937 2625 1123 2667 compositi
1153 2627 1250 2666 sunt,
1286 2625 1326 2658 id
1361 2625 1454 2668 quod
1488 2626 1648 2659 ducentis

139 2670 248 2703 annis
272 2674 354 2704 ante
376 2671 531 2714 optimus
548 2669 598 2703 Le
618 2670 749 2713 Cointe,
767 2671 865 2706 Ann.
883 2672 960 2707 eccl.
978 2672 1111 2707 Franc.
1129 2671 1184 2715 II,
1205 2673 1285 2715 761,
1312 2673 1387 2705 iam
1407 2673 1648 2716 probaverat:

138 2727 183 2751 ex
199 2717 343 2752 Donato
359 2721 486 2751 auctor
501 2718 646 2761 reyulae
661 2728 773 2752 novae
786 2719 922 2763 pendet,
939 2730 984 2753 θα)
1000 2719 1063 2753 hoc
1079 2720 1318 2763 interpolator
1332 2720 1646 2756 Columbanianae.

7 2780 12 2802 ·.
77 2771 115 2798 46
140 2764 176 2811 1)
210 2764 386 2809 Reyulam
419 2766 687 2809 monachorum,
723 2768 783 2799 cui
814 2768 855 2800 in
878 2767 1056 2801 codicibus
1080 2767 1313 2802 Bobiensibus
1338 2778 1365 2803 c.
1386 2770 1442 2804 10.
1480 2767 1535 2802 De
1560 2779 1646 2812 per-

139 2811 298 2847 fectione
323 2812 495 2847 monachi
528 2824 573 2848 ea·
596 2814 819 2857 Hieronymo
852 2815 1017 2848 additum
1051 2818 1109 2858 est,
1145 2815 1254 2849 edidit
1278 2815 1434 2858 Seebass,
1461 2816 1646 2852 ‘Zeitsclm

138 2860 168 2903 f.
194 2860 487 2904 Kirohenyesch!
512 2862 553 2895 X
558 2861 597 2908 V,
628 2873 667 2905 p.
685 2863 756 2898 366
770 2873 842 2906 sqq.
895 2862 949 2905 Cf.
977 2863 1130 2897 eiusdem
1164 2865 1324 2896 auctoris
1348 2864 1645 2908 dissertationem,

139 2918 230 2952 quae
263 2908 501 2943 inscribitur:
538 2901 648 2944 ‘Uber
673 2909 841 2944 Columba
866 2921 934 2944 von
958 2910 1137 2944 Luxeuils
1161 2910 1406 2954 Klosterreyel
1432 2911 1508 2945 und
1533 2912 1648 2946 Buss-

139 2955 255 3000 buch’,
280 2956 444 2991 Dresdae
471 2958 576 2993 1883.
