2008 3302
410 293 578 339 IONAS,
597 292 760 330 VITAE
785 291 1094 330 OOLUMBANI
1117 291 1264 329 LIBRI
1288 292 1341 330 H.
1584 293 1632 330 55

123 415 251 460 misit.
301 417 454 471 Itaque
473 415 735 471 quaestionis
747 414 983 471 paschatis,
1005 428 1134 470 quam
1154 429 1330 458 causwm
1342 414 1632 470 fflinmpalem

124 476 397 531 releyationis
426 475 566 520 sancti
595 476 732 530 fuisse
761 489 896 530 supra
922 474 1221 527 demonstravi,
1253 474 1304 518 in
1334 474 1426 518 vita
1456 474 1548 518 eius
1578 488 1632 517 ne

123 536 246 580 verbo
263 536 432 590 quidem
453 535 706 579 mentionem
723 535 827 588 fecit
843 548 976 589 neque
997 533 1113 578 inter
1127 534 1422 578 obiectationes
1437 533 1632 589 Ayrcstii

123 609 217 640 eam
247 595 447 649 admisit,·
486 595 660 638 interim
699 594 814 638 enim
853 598 893 637 et
921 593 1156 637 Bobienses
1186 598 1226 636 et
1255 594 1544 637 Luocovienses
1574 594 1635 637 ad

83 671 102 700 ι
133 654 312 699 Victorii
342 669 512 698 cursum
544 655 793 710 paschalem
824 653 1015 697 conversi
1045 657 1182 707 erant,
1225 654 1462 707 Ionamque
1491 653 1633 708 ipsum

123 714 236 758 hanc
280 714 617 769 supputationem
662 718 848 757 secutum
893 727 981 756 esse
1024 727 1076 756 ex
1115 713 1164 755 V.
1207 713 1423 756 Iohannis
1462 713 1633 756 Reom.1

124 773 266 829 colliyi
312 774 416 817 licet.
480 775 581 817 Iam
627 774 762 818 aliam
808 773 849 816 ei
894 787 1070 816 causam
1116 773 1279 827 ftnyere
1322 787 1486 816 necesse
1526 777 1630 826 erat,

123 848 296 888 cumque
324 833 375 876 in
406 835 455 877 V.
487 833 712 877 Desiderii
741 832 919 888 leyisset,
951 836 1137 887 quantae
1168 832 1434 875 crudelitatis
1464 832 1632 875 Brune-

124 893 277 938 childis
306 893 470 960 fuisset,
509 893 643 936 eidem
674 897 804 936 totam
836 893 1002 946 culpam
1034 891 1253 935 attribuit:
1297 893 1351 935 ab
1392 892 1490 947 ipsa
1521 892 1633 934 enim

66 971 102 998 ιο
125 953 336 997 contendit
365 953 478 1008 reyis
509 953 702 997 animum
732 953 782 996 in
805 956 999 996 sanctum
1029 951 1294 1006 instiyatum,
1322 965 1520 1006 proceres
1551 951 1633 1006 epi-

123 1027 360 1080 scoposque,
391 1017 440 1056 ut
467 1013 579 1056 idem
603 1013 807 1066 facerent,
840 1011 1088 1055 sollicitatos
1108 1026 1208 1055 esse.
1261 1011 1510 1064 Manifesta
1531 1011 1634 1054 haec

124 1071 217 1116 eius
236 1077 467 1116 commenta
491 1073 630 1127 ipsius
659 1072 799 1116 sancti
829 1071 1032 1126 epistulis,
1065 1085 1174 1126 quas
1198 1072 1258 1114 ad
1282 1085 1360 1114 nos
1381 1071 1633 1127 pervenisse

122 1133 407 1188 yratulamur,
454 1132 584 1186 facile
628 1134 962 1187 redaryuuntur.
1027 1132 1231 1175 Sanctum
1272 1135 1412 1174 autem
1451 1145 1480 1173 a
1523 1145 1631 1186 reye,

125 1192 290 1248 regina,
323 1193 562 1236 custodibus
593 1191 807 1235 lenissime
837 1190 1028 1234 habitum
1059 1205 1158 1245 esse,
1191 1192 1256 1234 vel
1286 1205 1337 1234 ex
1365 1191 1503 1234 Ionae
1533 1204 1633 1234 nar-

66 1268 102 1295 1⁶
125 1251 293 1296 ratione
323 1252 593 1307 intelleyitur,
634 1253 748 1294 unde
785 1251 1046 1305 comparatio
1082 1250 1221 1305 ipsius
1252 1265 1344 1294 cum
1377 1250 1634 1294 Desiderio²

135 1311 369 1355 Viennensi
399 1312 536 1355 risum
566 1316 710 1354 movet.
765 1310 1012 1365 Sufflressit
1035 1310 1174 1364 etiam,
1207 1312 1411 1365 quomodo
1435 1310 1486 1353 in
1510 1324 1632 1364 quae-

124 1371 260 1415 stione
309 1371 442 1414 trium
493 1371 775 1425 capitulorum
821 1370 1061 1425 opinionem
1107 1384 1231 1413 suam
1276 1374 1450 1413 sanctus
1487 1383 1633 1424 papae

125 1431 393 1486 manasset,
442 1432 543 1474 dum
587 1431 727 1485 ipsum
773 1444 861 1473 non
906 1429 1112 1484 relinquit
1157 1429 1368 1472 haeresim
1411 1429 1633 1472 Arianam

125 1490 445 1546 impugnantem
458 1491 498 1534 ³:
528 1490 763 1534 Bobienses
793 1489 908 1533 enim
938 1489 1149 1532 sententia
1179 1493 1343 1532 mutata
1368 1489 1417 1532 in
1441 1488 1633 1544 qratiam

67 1567 104 1596 no
125 1550 240 1594 sedis
269 1550 524 1605 apostolicae
553 1550 727 1593 interim
750 1549 981 1603 redierant,
1013 1553 1060 1592 ut
1080 1549 1274 1604 Aqrestii
1299 1548 1634 1592 communionem

126 1625 219 1654 cum
270 1610 618 1664 Aquileiensibus
667 1609 759 1653 iam
808 1609 1100 1664 improbarent
1110 1610 1139 1652 4.
1223 1608 1420 1663 Denique
1477 1608 1635 1651 Trebia

126 1674 446 1715 commemorato
466 1669 738 1714 Hannibalis
762 1669 931 1723 quidem
956 1683 1064 1723 quae
1088 1673 1190 1724 post
1210 1683 1407 1723 puynam
1438 1668 1500 1710 ibi
1531 1682 1634 1711 com-

126 1730 304 1774 missam
343 1744 394 1773 ex
412 1743 416 1747 ’
431 1730 623 1773 hibernis
658 1730 884 1786 profectus
921 1729 1160 1783 pertulerat
1198 1730 1359 1772 damna
1373 1729 1389 1754 ⁵
1428 1727 1633 1782 meminit,

127 1789 422 1833 Romanorum
436 1803 534 1833 vero
549 1789 816 1833 notissimam
832 1790 993 1832 cladem
1008 1788 1177 1831 silentio
1184 1788 1426 1843 praeteriit,
1443 1788 1632 1842 patriae,

67 1865 104 1894 a
127 1849 216 1893 nisi
245 1850 390 1904 fallor,
423 1864 567 1893 amore
597 1851 756 1893 ductus.

272 1910 483 1964 Exempla
514 1910 652 1953 Ionas
682 1909 767 1952 sibi
799 1912 1083 1964 proposuerat
1120 1908 1232 1951 vitas
1262 1912 1507 1951 sanctorum
1539 1908 1635 1950 cele-

128 1969 301 2023 briores,
322 1969 483 2013 scilicet
496 1969 683 2012 Antonii
703 1973 873 2012 auctore
888 1968 1147 2021 Athanasio,
1171 1967 1304 2011 Pauli
1325 1972 1364 2010 et
1382 1966 1637 2010 Hilarionis

129 2033 298 2073 auctore
329 2029 607 2084 Hieronymo,
646 2028 842 2071 Martini
881 2043 910 2071 a
943 2028 1134 2082 Sulpicio
1167 2029 1320 2071 Severo
1361 2027 1410 2069 in
1453 2025 1636 2080 dialoyis

128 2089 395 2144 descriptam,
428 2103 531 2143 quos
562 2089 697 2132 tribus
718 2087 963 2131 auctoribus
988 2087 1279 2141 Postumiam,
1310 2088 1474 2140 Severo,
1508 2086 1636 2129 Gallo

70 2165 106 2192 no
128 2148 335 2203 attribuit,
368 2148 555 2203 Hilarii,
588 2147 821 2202 Ambrosii,
849 2147 1085 2202 Auyastini
1116 2147 1359 2190 auctoribus
1380 2146 1634 2199 Fortunato,

129 2208 340 2262 Paulino,
388 2208 588 2251 Possidio
600 2209 630 2249 ⁶.
702 2207 846 2251 Vitam
893 2206 1113 2250 Desiderii
1159 2205 1415 2250 Viennensis
1466 2209 1636 2249 auctore

131 2267 321 2311 Sisebuto
353 2272 391 2311 et
422 2267 570 2311 citavit
583 2268 597 2293 ⁷
628 2271 667 2310 et
697 2267 896 2310 adhibuit
906 2268 934 2308 8.
998 2266 1203 2321 Gregorii
1233 2265 1460 2309 Historiae
1491 2265 1635 2308 Fran-

129 2341 272 2371 corum
304 2327 442 2371 codice
472 2327 624 2371 classis
653 2327 698 2370 B
727 2327 868 2381 ipsum
907 2327 1092 2379 fortasse
1127 2340 1252 2369 usum
1289 2340 1376 2369 esse
1406 2339 1540 2380 supra
1570 2338 1636 2368 ex-

120 2387 263 2442 posui.
315 2387 527 2442 Reyulam
557 2387 728 2441 aliaque
757 2386 958 2441 mayistri
986 2386 1148 2440 scripta
1178 2386 1367 2440 ritusque
1400 2386 1637 2428 Scottorum

70 2463 106 2490 ιε
129 2447 271 2502 libros,
303 2446 431 2490 veluti
461 2446 814 2501 antiphonarium
839 2446 1138 2489 Benchorense
1150 2447 1179 2500 ⁹,
1212 2445 1251 2488 ei
1273 2449 1502 2500 praeterea
1523 2458 1637 2500 prae

67 2546 71 2551 .
128 2507 328 2551 manibus
357 2506 494 2560 fuisse
523 2506 598 2549 vioe
628 2520 952 2549 commemorare
983 2520 1148 2549 necesse
1178 2509 1250 2548 est.

273 2567 507 2610 Auctorum
537 2566 770 2610 latinorum
803 2570 968 2609 tantam
991 2565 1214 2609 scientiam
1236 2565 1374 2608 Ionas
1403 2564 1453 2608 in
1483 2563 1638 2607 scholis

128 2626 414 2670 Bobiensibus
444 2626 530 2670 sibi
559 2630 811 2681 paraverat,
852 2630 1058 2680 quantam
1088 2625 1162 2668 via·
1191 2625 1242 2668 in
1272 2625 1360 2667 alio
1390 2624 1511 2667 illius
1542 2622 1638 2666 aevi

131 2733 168 2776 l)
193 2731 259 2767 SS.
284 2731 330 2767 R.
355 2732 489 2768 Merov.
515 2731 589 2775 III,
614 2733 696 2768 505.
810 2732 848 2776 2)
883 2731 923 2765 V.
949 2730 1104 2766 Columb.
1130 2731 1163 2774 I,
1191 2732 1247 2767 27.
1363 2731 1400 2774 3)
1436 2729 1495 2765 Ib.
1521 2728 1554 2772 I,
1578 2730 1636 2764 30.

24 2818 25 2822 ,
69 2790 107 2818 ιο
129 2781 167 2825 4)
193 2779 250 2815 Ib.
268 2779 324 2824 II,
343 2781 377 2816 9.
415 2780 472 2822 G'f
491 2779 716 2822 Hartmann,
737 2778 874 2814 QGesch
890 2779 1052 2813 Italicns'
1070 2779 1123 2822 II,
1146 2757 1177 2821 1',
1199 2790 1236 2823 p.
1254 2780 1337 2815 209.
1354 2779 1436 2814 235.
1527 2754 1631 2820 5’)V

21 2841 28 2855 ι
131 2827 286 2862 Columb.
306 2827 338 2871 1,
355 2829 412 2864 30.
487 2828 524 2871 6)
547 2827 601 2862 Ib.
619 2827 651 2870 I,
668 2829 699 2863 1.
774 2827 811 2871 7)
831 2827 887 2862 Ib.
905 2826 937 2870 I,
952 2828 1016 2863 27:
1039 2826 1141 2861 cuius
1164 2828 1268 2871 gesta
1287 2824 1425 2870 scripta
1440 2823 1636 2867 habentur,

131 2875 262 2920 quibus
287 2877 324 2910 et
348 2874 494 2920 quantis
515 2874 796 2909 adversitatibus
817 2873 998 2920 gloriosus
1015 2873 1114 2919 apud
1130 2873 1331 2908 Dominum
1347 2871 1484 2907 meruit
1499 2871 1636 2907 habere

130 2922 348 2968 triumphos,
469 2924 506 2967 8)
546 2923 602 2958 Ib.
628 2923 661 2966 I,
681 2924 751 2964 29‚·
784 2923 829 2966 cf.
856 2922 919 2957 S.S
946 2922 990 2958 R.
1018 2922 1149 2958 Mcrov.
1175 2921 1250 2965 III,
1272 2931 1311 2964 p.
1331 2922 1412 2956 626.
1525 2921 1563 2962 9)
1594 2919 1635 2955 V.

133 2971 286 3006 Columb.
312 2971 368 3014 II,
388 2972 443 3007 16.
