2008 3302
394 248 561 294 IONAS,
580 249 744 287 VITAE
770 249 1079 286 COLUMBANI
1104 249 1249 286 LIBRI
1273 249 1326 287 ΙΙ.
1569 253 1614 288 77

52 407 54 409 -
250 373 294 416 A
316 371 387 427 ld)
428 372 568 416 Codex
595 371 922 416 Trevericus
953 371 1224 415 bibliothecae
1254 371 1451 416 ecclesiae
1481 372 1615 415 cathe-

48 434 53 490 j
108 433 246 479 dralis
276 447 320 476 n.
345 436 385 486 5,
418 446 526 475 saec.
558 431 678 475 XII.
710 431 788 486 in.,
821 446 850 475 a
883 432 1110 475 Gumberto
1140 432 1316 476 abbatel
1349 430 1408 486 (a.
1438 436 1616 475 1083—

58 535 61 538 .
111 491 242 548 1114)
281 491 538 535 monasterio
580 492 624 534 S.
653 491 776 535 Petri
816 495 855 534 et
885 491 1020 535 Pauli
1050 492 1397 546 Abdinyhofensi
1435 491 1486 535 in
1525 493 1616 536 sub-

105 552 230 598 urbia
260 551 662 596 Patherbrunnensi
700 551 780 594 sito
812 553 921 594 dono
953 553 1090 605 datus,
1133 552 1207 595 ubi
1237 551 1341 595 haec
1370 552 1445 605 fol.
1474 556 1510 594 1.
1544 553 1616 595 ad-

107 616 254 658 notata
283 615 395 665 sunt,
429 610 540 654 libro
571 610 758 654 alienato
788 610 880 654 iam
910 624 1062 654 erasa:

247 672 386 715 Liber
418 671 733 728 apostolorum
765 671 894 714 Petri
926 674 974 714 et
1005 671 1142 713 Pauli
1172 672 1221 713 in
1255 672 1473 715 Patherb.

247 731 396 785 Quem
429 732 467 773 si
499 731 601 786 quis
634 731 894 782 abstulerit,
929 731 1178 774 anathema
1211 732 1283 782 sit,

107 796 194 837 tum
235 790 300 835 ‘ex
336 789 462 833 libris
508 790 808 844 Christophori
853 789 1017 833 comitis
1062 791 1113 833 de
1160 791 1414 833 Kesselstatt
1464 790 1617 834 decani

48 903 49 906 Ἰ
106 850 477 896 Paderbornensis
507 864 624 893 anno
660 850 786 892 1806’
821 849 912 903 (fol.
941 849 998 905 1),
1039 854 1263 904 utrumque
1293 850 1430 893 Ionae
1460 851 1617 894 librum

107 924 200 956 cum
230 909 646 966 praescriptionibus
677 909 873 965 capitum,
911 911 986 953 sed
1014 911 1169 964 absque
1200 910 1417 953 laterculis
1446 911 1524 954 hoc
1554 925 1616 953 or-

50 983 51 986 ’
107 971 208 1016 dine
237 969 444 1015 continet:

250 1031 324 1085 fol.
353 1029 453 1072 1⁴-
465 1034 535 1072 60.
570 1030 617 1073 V.
658 1030 923 1084 Columbani,
957 1029 1127 1073 omissis
1158 1029 1434 1084 carminibus,

250 1090 327 1144 fol.
351 1093 560 1132 60—69.
595 1090 643 1133 V.
677 1090 864 1133 Athalae
897 1089 986 1144 (II,
1014 1089 1169 1145 1—6),

109 1208 131 1265 (
250 1150 327 1204 fol.
351 1154 406 1192 69
421 1173 475 1178 -
490 1154 559 1194 85.
593 1150 642 1193 V.
676 1149 876 1193 Eustasii
915 1164 1008 1193 cum
1040 1150 1321 1206 praefatione
1359 1150 1617 1205 interpolata

128 1210 199 1264 II,
225 1209 388 1265 7—10)

249 1269 326 1323 fol.
351 1272 595 1313 85-103‘.
645 1269 872 1313 Miracula
911 1269 1225 1313 Evoriacensia
1270 1268 1360 1324 (II,
1399 1269 1612 1325 11—22),

106 1329 171 1373 ita
201 1333 250 1373 ut
285 1329 376 1385 ipsi
407 1342 538 1383 aeque
569 1343 620 1372 ac
651 1329 761 1372 libro
792 1330 835 1371 A
856 1334 903 1378 13
933 1329 1026 1372 sola
1057 1330 1101 1372 V.
1133 1329 1323 1382 Bertulfi
1353 1329 1472 1372 desit.
1536 1330 1619 1372 Est

48 1434 49 1438 ,
107 1393 249 1434 autem
286 1388 364 1432 hoc
402 1389 533 1431 multo
565 1389 862 1442 praestantior
891 1403 1024 1443 neque
1055 1403 1089 1432 3.
1117 1393 1182 1431 16.
1218 1389 1320 1431 libri
1351 1390 1391 1431 Ι.
1427 1393 1616 1443 praeter-

38 1471 44 1498 ¹.
106 1448 226 1492 misit
248 1448 360 1492 sicut
378 1448 423 1491 A
444 1453 502 1491 13.
551 1447 682 1491 Folia
704 1452 933 1491 52—103.
952 1448 1122 1503 passim
1143 1453 1421 1491 servaverunt
1438 1448 1617 1503 vestiyia

44 1533 78 1555 .=
107 1508 345 1564 scripturae
375 1507 648 1562 antiquioris,
691 1507 850 1552 scilicet
878 1523 991 1552 saec·
1017 1509 1076 1562 X,
1116 1523 1225 1563 quae
1263 1508 1618 1551 Columbanianis

47 1592 49 1594 ·
108 1568 233 1612 cessit
261 1567 430 1612 detrita.

38 1660 46 1682 .,
251 1628 295 1672 Α
321 1627 390 1682 13)
445 1627 587 1671 Codex
633 1627 971 1671 Oxoniensis
1023 1627 1293 1671 bibliothecae
1332 1628 1614 1681 Bodleianae,

107 1687 254 1744 Diyby
277 1702 322 1731 n.
348 1691 431 1730 112
460 1686 580 1742 (olim
605 1688 711 1742 H4,
747 1688 899 1731 deinde
924 1703 967 1731 n.
991 1692 1047 1730 46
1075 1692 1114 1731 et
1137 1688 1180 1730 A
1202 1687 1472 1743 111)2,sa-.ec
1495 1688 1614 1742 XII,

45 1753 71 1799 j
106 1747 156 1791 in
183 1749 422 1803 praedator
422 1762 466 1791 es
496 1762 551 1790 m.
584 1762 618 1791 s.
649 1747 697 1790 X
707 1748 816 1791 VII.
848 1748 924 1801 fol.
953 1753 988 1790 1.
1022 1747 1325 1803 praemunitus
1355 1748 1424 1791 his
1453 1748 1616 1791 verbis.

46 1843 49 1849 .
106 1807 306 1852 vindica
336 1810 385 1852 te
409 1808 511 1859 tibi,
545 1808 772 1851 Kenelme
795 1809 965 1865 Digby,
998 1809 1073 1861 fol.
1099 1812 1152 1850 75
1158 1807 1312 1849 ¹—82.
1346 1808 1394 1851 V.
1418 1807 1617 1850 Eustasii

46 1891 47 1894 ¹
109 1866 202 1922 (II,
221 1868 390 1923 7—10)
421 1881 514 1910 cum
537 1867 815 1922 praefatione
838 1867 1109 1922 interpolata,
1142 1868 1217 1920 fol.
1241 1869 1444 1910 82—90‘.
1473 1868 1616 1910 Mira-

109 1927 205 1971 cula
234 1926 550 1971 Evoriacensia
583 1925 675 1982 (II,
705 1932 817 1970 11—
828 1929 906 1983 22)
941 1927 1135 1982 eontinet,
1173 1927 1295 1970 illam
1326 1941 1414 1970 non
1444 1927 1617 1970 distinc-

23 2030 41 2042 ,,
108 1991 208 2042 tam,
254 1987 358 2030 haec
402 1987 452 2030 in
495 1987 639 2042 capita
685 1987 852 2042 quidem
892 1987 1046 2042 divisa,
1094 1989 1169 2030 sed
1204 1986 1618 2041 praescriptionibus

21 2040 31 2058 ‘
107 2061 257 2091 vacua.
309 2046 531 2090 Lectiones
560 2046 701 2103 ipsius
730 2047 923 2090 maxima
954 2061 1005 2090 ex
1029 2052 1158 2103 parte
1183 2062 1276 2090 cum
1300 2047 1344 2089 A
1366 2052 1412 2090 lc
1435 2051 1474 2089 et
1497 2046 1541 2089 A
1563 2047 1619 2089 ld

21 2115 86 2153 to
108 2106 373 2161 conveniunt,
421 2107 496 2149 sed
533 2107 652 2150 haud
682 2122 852 2161 paucae
891 2107 967 2150 hos
1007 2107 1138 2150 libros
1177 2121 1380 2160 superare
1418 2106 1618 2149 videntur

20 2178 45 2225 ³,
109 2170 232 2221 atque
277 2165 480 2221 inprimis
532 2166 583 2209 in
636 2166 860 2210 miraculis
905 2166 1267 2209 Evoriacensi-bus
1309 2166 1618 2221 grammaticae

109 2226 321 2270 barbarae
351 2226 539 2280 exempla
570 2226 780 2269 nonnulla
811 2231 1040 2269 occurrunt
1078 2226 1212 2281 diyna
1243 2240 1351 2280 quae
1381 2225 1431 2269 in
1461 2230 1617 2269 textum

108 2285 405 2329 admittantur.

54 2412 64 2418 Δ
251 2356 393 2415 A1e⁸)
423 2357 564 2401 Codex
584 2357 757 2400 Londi
765 2357 965 2401 niensis
986 2357 1135 2401 Musei
1155 2357 1423 2411 Britannici,
1446 2357 1617 2411 Harley

44 2426 54 2457 t*
67 2438 78 2453 v.
108 2430 152 2460 n.
176 2420 275 2471 624,
311 2416 427 2460 inter
456 2418 633 2461 schedas
664 2417 825 2472 aliquot
855 2433 884 2460 a
915 2417 1116 2461 Simonds
1147 2418 1318 2460 d'Ewes
1349 2418 1540 2461 collectas
1566 2417 1614 2460 V.

108 2476 310 2520 Eustasii
339 2491 448 2520 saec.
474 2477 595 2520 XII.
621 2482 845 2520 exaratam
869 2477 945 2531 fol.
969 2478 1195 2520 89‘—93‘.
1226 2477 1420 2531 continet,
1445 2491 1616 2532 praece-

109 2537 230 2579 dente
262 2536 538 2591 praefatione
576 2537 848 2591 interpolata.
925 2538 1081 2580 Teoetus
1121 2537 1359 2590 affinitatis
1389 2536 1616 2592 proximae

109 2609 203 2639 cum
231 2596 277 2639 A
297 2600 344 2640 le
373 2596 672 2640 intercedentis
702 2597 866 2640 exhibet
896 2597 1088 2653 exempla
1119 2598 1356 2640 luculenta:

179 2655 249 2710 II,
275 2659 314 2698 7.
352 2657 403 2699 in
435 2658 650 2700 extremis
683 2654 878 2713 anhelis]
909 2657 952 2699 A
975 2659 1054 2711 ld,·
1083 2658 1132 2699 in
1165 2660 1370 2700 extremo
1403 2657 1616 2700 anhelitu

426 2716 469 2758 A
492 2717 552 2759 le*
586 2731 679 2760 cum
710 2717 841 2760 Ale:
874 2718 925 2759 in
957 2718 1187 2768 extremis,
1220 2731 1298 2759 om.
1333 2731 1373 2759 a.
1406 2716 1450 2758 A
1473 2721 1544 2768 lc;

178 2775 248 2829 II,
272 2779 313 2817 8.
351 2776 495 2818 Dedit
535 2777 616 2819 ille
657 2791 843 2833 operam
876 2800 933 2806 —
965 2777 1124 2820 lumen
1155 2773 1342 2832 habere]
1377 2790 1454 2818 om.
1488 2775 1532 2818 A
1553 2774 1615 2818 le‘

425 2849 519 2878 cum
549 2835 593 2878 A
618 2841 665 2878 13
697 2834 803 2890 (non
833 2837 875 2878 A
904 2842 962 2879 13.
985 2835 1047 2891 d).

112 2949 148 2995 l)
171 2951 228 2994 Cf.
254 2953 392 2988 ‘Arch.'
417 2953 522 2996 VIII,
544 2964 581 2997 p.
601 2954 682 2989 606.
747 2953 786 2998 2)
813 2953 870 2996 Cf.
900 2954 943 2990 G.
963 2954 1008 2989 D.
1025 2953 1193 2996 Macram
1221 2953 1387 2997 Cataloqi
1408 2952 1505 2988 codd.
1531 2962 1614 2987 mss.

111 2998 332 3035 bibliothecae
356 3001 574 3036 Bodleianae
596 3001 719 3045 (1883)
748 3001 820 3044 IX,
847 3002 909 3036 col.
930 3002 999 3037 125
1009 3011 1083 3045 sqq.
