2008 3302
369 290 415 324 10
654 284 821 330 IONAS,
838 283 1004 321 VITAE
1031 281 1338 320 OOLUMBANI
1362 281 1508 318 LIBRI
1531 280 1585 319 II.

367 407 525 452 scilicet
555 407 665 450 diem
697 410 767 448 21.
795 404 971 459 Martii,
1003 419 1072 448 eos
1103 404 1363 460 opinabatur
1393 403 1742 448 resurrectionem
1773 408 1873 448 ante

359 467 606 522 passionem
637 467 856 518 celebrare,
899 478 1026 518 quam
1055 464 1155 507 item
1186 463 1254 506 die
1295 468 1365 506 25.
1398 463 1563 506 Martii
1591 464 1755 517 factam
1784 478 1872 508 esse

368 527 603 569 tradebant.
674 523 965 568 Gravissimos
994 523 1130 578 iqitur
1159 537 1232 566 err
1233 537 1326 566 ores
1362 524 1412 566 in
1443 523 1556 578 cyclo
1590 521 1767 567 Victorii
1806 524 1872 567 de-

359 585 637 640 prehendisse
667 584 751 627 sibi
781 583 898 626 visus
928 587 999 637 est,
1031 583 1200 637 ipseque
1224 583 1467 626 mirabatur
1490 582 1763 627 schismatica
1792 582 1872 626 illa

368 660 396 687 a
423 659 545 700 papa
575 658 662 686 non
692 644 782 686 iam
813 643 890 686 diu
920 657 1007 685 esse
1037 657 1155 685 rasa.
1209 643 1440 685 Praeterea
1470 642 1520 685 in
1550 642 1756 697 episcopis
1782 641 1874 686 illis
1896 658 1917 685 ⁶

375 703 619 748 Gallicanis
639 703 860 746 contraria
882 702 1117 746 canonibus
1136 702 1256 745 baud
1270 716 1416 756 pauca
1441 701 1688 754 offenderat.
1735 701 1874 745 Multi

367 764 484 820 inter,
511 777 579 806 eos
615 762 951 818 reperiebantur,
993 761 1068 816 qui
1107 766 1256 805 contra
1296 775 1479 805 canones
1513 765 1712 816 quaestus
1741 775 1874 805 causa

369 822 560 866 ordinati
611 826 737 866 erant
781 821 1020 875 simoniaci,
1069 821 1241 876 aliique,
1288 821 1364 876 qui
1407 821 1458 864 in
1503 820 1736 864 diaconatu
1780 834 1874 864 cum

258 894 305 926 *μ
319 895 344 923 ⁷.
367 883 572 926 uxoribus
602 897 709 936 quas
740 886 868 925 antea
898 882 1149 935 habuerant,
1192 905 1249 910 —
1281 881 1496 924 clientelas
1527 881 1620 924 *eas
1649 879 1872 934 vocitabat,

369 966 426 972 —-
463 942 721 985 adulterium
762 941 1072 984 commiserant.
1134 941 1347 996 Maqistri
1377 939 1620 995 Hibernici,
1661 954 1684 983 e
1722 939 1874 994 quibus
1899 955 1937 982 ιο

374 1002 549 1045 Gildam
570 1001 762 1057 protulit,
791 1002 841 1043 de
866 1000 1072 1043 eiusmodi
1093 1001 1256 1044 delictis
1276 1000 1384 1044 satis
1403 1014 1543 1043 severe
1562 999 1872 1052 iudicaverant,

367 1061 532 1115 ipsique
572 1061 746 1104 dubium
786 1065 890 1114 erat,
932 1060 1039 1114 quin
1080 1075 1172 1103 cum
1213 1060 1370 1103 talibus
1407 1059 1613 1114 episcopis
1649 1058 1874 1102 communi-

368 1122 551 1164 candum
582 1125 698 1163 esset.
761 1121 946 1163 Tantam
976 1124 1115 1163 autem
1146 1119 1439 1163 auctoritatem
1460 1132 1548 1175 per
1584 1117 1755 1162 Gallias
1783 1117 1875 1161 iam

368 1184 700 1234 comparaverat,
733 1184 780 1222 ut
810 1180 872 1222 vel
902 1179 1080 1222 istorum
1102 1179 1302 1222 nonnulli
1323 1178 1604 1223 conscientias
1633 1191 1737 1222 suas
1753 1191 1874 1233 pere-
1899 1214 1902 1217 .

364 1240 493 1294 qrino
523 1239 592 1282 illi
623 1239 902 1295 aperuissent,
934 1239 1260 1294 interroqantes,
1292 1244 1435 1282 utrum
1457 1242 1558 1293 post
1580 1237 1691 1281 talia
1720 1237 1875 1282 delicta
1899 1252 1936 1279 ιε
2005 1240 2008 1255 ¹

366 1300 458 1343 iam
488 1299 672 1353 episcopi
703 1313 790 1342 esse
816 1303 987 1352 possent
1017 1313 1176 1353 annon,
1209 1299 1380 1354 ipseque
1400 1303 1438 1342 et
1457 1299 1570 1342 banc
1589 1296 1876 1352 quaestionem

359 1373 510 1415 papae
550 1358 876 1402 diiudicandam
899 1358 1137 1412 proposuit.
1205 1358 1359 1412 Tertio,
1408 1357 1513 1412 quid
1557 1358 1608 1400 de
1652 1355 1875 1400 monachis

368 1419 616 1471 faciendum
646 1422 761 1471 esset,
803 1419 978 1460 eundem
1019 1417 1134 1460 inter
1134 1418 1312 1484 roqavit,
1354 1417 1429 1471 qui
1459 1416 1733 1472 perfectioris
1761 1415 1875 1460 vitae

369 1478 579 1521 desiderio
622 1477 799 1531 accensi,
847 1477 1045 1532 neqlectis
1084 1477 1190 1520 votis
1229 1477 1333 1531 suis,
1371 1477 1545 1532 primae
1585 1490 1737 1520 conver
1736 1475 1875 1519 sionis

370 1538 462 1580 loca
501 1537 789 1591 relinquerent
827 1541 865 1579 et
904 1537 1052 1580 invitis
1091 1537 1324 1590 abbatibus,
1371 1537 1539 1590 fervore
1579 1539 1756 1591 coqente,
1797 1540 1876 1579 aut
1897 1549 1936 1577 so

370 1599 638 1640 lassarentur
667 1601 743 1639 aut
781 1598 841 1640 ad
877 1598 1041 1640 deserta
1072 1597 1359 1651 confuqerent.
1427 1596 1581 1651 Tepori
1616 1595 1753 1650 iqitur
1791 1595 1873 1650 epi-

369 1661 563 1711 scopatus
600 1656 823 1700 Gallicani
853 1670 1027 1699 suorum
1057 1658 1254 1699 ardorem
1286 1656 1487 1710 opposuit,
1529 1669 1650 1711 quem
1679 1654 1770 1698 iam
1799 1654 1874 1698 vix

369 1718 484 1760 solus
514 1730 699 1760 coercere
722 1720 904 1770 poterat.

524 1788 705 1842 Uterque
735 1788 874 1843 cyclus
896 1787 1121 1841 paschalis
1151 1802 1267 1830 anno
1294 1791 1392 1830 603.
1426 1788 1563 1830 denuo
1592 1786 1658 1831 ita
1687 1786 1801 1830 inter
1830 1801 1874 1830 se
2006 1805 2008 1834 3

371 1848 649 1902 discrepabat,
691 1852 739 1890 ut
774 1847 916 1890 Gallis
947 1847 1038 1890 dies
1070 1851 1109 1889 7.
1142 1847 1313 1902 Aprilis
1343 1848 1449 1890 luna
1482 1847 1624 1890 XXI.
1649 1846 1874 1901 paschalis
1898 1859 1937 1886 ²⁶

370 1912 493 1961 esset,
557 1921 650 1950 cum
702 1907 832 1950 Scotti
893 1906 961 1950 die
1023 1911 1093 1949 31.
1145 1906 1308 1950 Martii
1358 1907 1464 1950 luna
1517 1907 1566 1949 X
1576 1906 1714 1950 VIII.
1767 1905 1875 1962 cycli

369 1967 646 2010 LXXXIV
671 1980 896 2020 annorum,
931 1965 1169 2010 Victoriani
1199 1971 1338 2010 autem
1368 1966 1466 2021 ipsa
1491 1967 1597 2010 luna
1621 1963 1756 2009 XIV.
1780 1979 1875 2009 cum

368 2026 549 2070 Iudaeis
574 2027 738 2081 pascha
770 2026 1038 2069 celebrarent.
1098 2028 1193 2081 Qua
1224 2028 1274 2069 de
1299 2041 1431 2070 causa
1461 2025 1644 2080 episcopi
1668 2025 1717 2069 in
1739 2038 1874 2068 unum

368 2085 622 2141 conqreqati,
656 2087 706 2128 de
736 2085 841 2139 fidei
871 2090 910 2129 et
941 2086 1142 2129 bonorum
1174 2101 1347 2142 operum
1377 2086 1553 2129 veritate
1581 2084 1810 2129 tractaturi
1833 2089 1874 2128 et

368 2147 419 2188 de
462 2145 760 2189 consuetudine
791 2145 962 2188 diversa
1001 2145 1162 2190 iudicio
1204 2145 1443 2189 iudicaturi
1488 2149 1625 2189 erant.
1699 2144 1875 2189 Constat
1897 2157 1936 2184 ω

368 2210 507 2248 autem
552 2205 666 2248 inter
712 2219 874 2259 omnes,
928 2207 1134 2260 synodum
1180 2205 1303 2248 illam
1348 2205 1484 2258 fuisse
1536 2204 1874 2249 Cabillonensem

368 2280 406 2307 a.
433 2269 532 2307 603.
566 2265 815 2307 celebratam
829 2266 855 2319 1,
889 2266 1066 2308 eandem
1096 2265 1265 2320 scilicet,
1305 2265 1356 2308 in
1386 2279 1473 2319 qua
1503 2264 1760 2308 Desiderius
1790 2263 1872 2318 epi·

367 2339 515 2378 scopus
555 2324 809 2367 Viennensis
849 2326 899 2367 de
938 2329 1082 2379 stupro
1114 2325 1416 2368 condemnatus
1445 2328 1518 2368 est.
1587 2324 1873 2377 Columbanus

367 2383 457 2437 ipse
497 2397 741 2439 comparere
780 2398 868 2427 non
908 2398 1050 2438 ausus,
1099 2399 1151 2427 ne
1190 2385 1301 2437 forte
1347 2385 1613 2427 contenderet
1646 2397 1870 2439 praesens,

369 2443 533 2486 litteras
547 2446 562 2468 2
602 2444 662 2486 ad
699 2443 910 2497 episcopos
941 2445 1289 2499 presbyterosque
1319 2458 1399 2486 sua
1430 2457 1563 2487 causa
1602 2446 1872 2498 conqreyatos
1896 2455 1933 2482 35

366 2502 496 2556 misit,
528 2502 577 2545 in
608 2502 759 2556 quibus
789 2507 944 2545 tomum
973 2503 1266 2559 responsionis
1285 2507 1385 2547 ante
1404 2502 1639 2546 triennium
1669 2502 1873 2557 scriptum

367 2562 552 2615 inclusit,
585 2576 665 2616 quo
697 2564 1059 2606 demonstraverat
1089 2577 1230 2607 omnes
1262 2563 1388 2606 totius
1419 2562 1646 2606 occidentis
1675 2561 1873 2606 ecclesias

368 2621 614 2676 consentire,
657 2622 1007 2665 resurrectionem
1038 2627 1136 2666 ante
1169 2622 1416 2678 passionem
1446 2623 1547 2676 fleri
1577 2636 1665 2665 non
1695 2621 1841 2665 debere
1854 2621 1872 2648 3

369 2763 404 2803 1)
434 2762 497 2798 SS.
516 2762 561 2798 R.
578 2762 711 2801 Mer-ov,
729 2762 806 2806 III,
824 2764 894 2799 620
905 2773 921 2804 ;
945 2764 991 2806 cf.
1009 2764 1143 2806 Hertel,
1160 2764 1410 2808 ‘Anmerkunq
1429 2774 1500 2797 zur
1518 2762 1640 2800 Gesch.
1660 2761 1870 2798 Columba's'

367 2810 569 2852 (‘Zeitschr.
587 2811 618 2852 f.
636 2810 928 2854 Ki-rchenyesch!
945 2811 1019 2855 III,
1041 2813 1109 2848 145
1122 2814 1213 2856 sqq.)
1222 2825 1236 2853 ,·
1263 2811 1320 2851 ‘N,
1337 2811 1461 2847 Arch!
1473 2811 1543 2852 IX,
1561 2812 1653 2853 146,-
1671 2810 1727 2846 W.
1743 2809 1870 2844 Gund-
1893 2813 1931 2839 40

369 2857 460 2900 lach,
486 2858 545 2892 ‘N.
568 2858 694 2893 Arch!
710 2858 794 2902 XV,
815 2860 907 2899 510,·
930 2859 1063 2892 Hauclc
1088 2860 1109 2895 l.
1134 2860 1157 2896 l.
1178 2871 1216 2904 p.
1237 2861 1305 2897 601
1317 2859 1340 2896 ³.
1418 2859 1456 2903 2)
1485 2858 1572 2895 ΜΘ.
1597 2859 1668 2903 Ep.
1693 2858 1767 2903 III,
1789 2859 1868 2895 160.

368 2905 405 2948 3)
434 2905 532 2938 Idem
557 2907 597 2939 in
622 2906 777 2951 epistula
801 2907 850 2940 ad
877 2906 1094 2950 Greyorium
1118 2907 1421 2942 demonstraverat
1445 2911 1497 2951 (p.
1517 2908 1598 2950 157,
1623 2907 1646 2943 l.
1666 2908 1730 2948 15)
1753 2905 1870 2941 eodem

367 2953 444 2994 fere
468 2963 536 2996 quo
561 2955 743 2998 responsio
766 2957 918 2998 tempore
941 2956 1152 2999 conscripta.
