2008 3302
438 264 607 311 IONAS,
630 265 790 301 VITAE
816 264 1123 302 OOLUMBANI
1148 264 1294 301 LIBRI
1318 265 1372 303 H.
1613 268 1660 304 69

151 389 306 443 —10),
348 387 507 430 scilicet
536 392 672 431 teoetus
710 388 885 443 integer,
928 387 1037 431 sicut
1066 388 1115 431 in
1146 388 1189 431 A
1211 389 1301 442 lb4,
1345 388 1414 432 cui
1444 387 1495 431 in
1525 388 1568 430 A
1590 390 1660 432 1b³

12 472 17 494 ι
150 462 204 490 m.
237 461 271 490 s.
307 447 390 490 XI
388 479 396 488 .
439 448 604 490 demum
638 447 860 502 praefatio
899 447 1159 502 interpolata
1198 447 1383 491 accessit.
1452 448 1496 492 U
1494 448 1660 492 ltimam

14 540 19 562 „
149 507 281 551 vitam
311 507 430 550 haud
458 511 566 550 recte
596 507 645 550 in
667 507 778 550 calce
799 508 1042 550 collocatam
1067 522 1155 550 esse
1176 507 1386 550 librarius
1417 522 1505 551 non
1530 509 1659 551 multo

10 566 46 650 iij
141 566 356 622 posterior
385 566 603 620 intellexit,
641 567 689 609 V.
716 567 1087 621 Burqundofarae
1108 567 1438 622 praescribens:
1470 568 1562 611 Hic
1594 569 1659 610 in-

12 616 46 691 ,ἶ
109 644 127 672 ι
150 628 331 670 seratur
354 627 452 670 vita
480 641 515 669 s.
543 627 747 669 Eustasii
778 627 975 679 abbatis,
1009 641 1147 682 quam
1178 627 1225 669 in
1260 629 1561 683 sequentibus
1592 629 1658 670 in-

15 690 41 749 33
149 687 317 738 venies,
351 685 473 729 Vitae
503 699 600 729 vero
622 686 821 729 Eustasii
850 686 954 729 haec
984 686 1219 729 subiciens:
1252 687 1343 730 Hic
1368 688 1466 730 vita
1491 702 1525 730 s.
1549 688 1658 730 Bur-

16 753 45 802 :ss
148 747 437 803 gundaforae
469 746 792 802 subiungatur.

22 830 39 888 ἓ
291 805 452 908 {Ilbss
492 805 631 848 Codex
663 804 1104 848 Vindobonensis
1135 820 1177 848 n.
1205 809 1291 848 430
1326 805 1506 860 (Salisb.
1533 807 1655 861 404),

27 921 33 936 ‘
90 944 125 971 ιο
148 879 257 909 mec·
291 899 383 978 ἰοὶ.)
396 929 418 966 7
425 923 526 966 6¹—
539 929 609 967 83.
667 925 716 968 V.
748 924 950 968 Eustasii
970 925 1249 979 praefatione
1279 925 1538 982 interpolata
1570 941 1658 970 non

147 988 317 1028 auctam
348 983 442 1039 (II,
466 986 649 1040 7—10),

291 1044 365 1098 fol.
391 1044 595 1088 83—98‘.
618 1045 799 1088 alteram
823 1044 927 1087 libri
951 1045 1125 1088 secundi
1147 1049 1317 1100 partem
1339 1044 1433 1099 (II,
1460 1047 1655 1101 11-25)

149 1103 358 1159 (praescr.
390 1105 566 1161 Incipit
598 1105 694 1147 vita
732 1105 1024 1148 beatissimae
1057 1106 1415 1161 Burgundafore
1447 1107 1654 1161 virginis,

21 1170 38 1218 ᾗ
147 1165 272 1220 quod
304 1167 375 1208 est
405 1165 501 1206 III.
535 1165 593 1206 N.
626 1161 793 1220 April.)
824 1164 1019 1207 continet.

8 1231 15 1249 ·’
88 1242 123 1270 ω
291 1224 334 1266 A
356 1221 470 1278 lb4‘)
509 1223 650 1268 Codex
681 1224 1130 1268 Vindobonensis
1161 1239 1205 1267 n.
1233 1229 1319 1267 339
1353 1223 1534 1278 (Salisb.
1564 1226 1653 1280 ll),

8 1305 11 1309 ⁴
146 1297 254 1326 saec.
281 1283 431 1338 XIII,
464 1283 566 1326 olim
597 1283 867 1327 bibliothecae
891 1284 1072 1340 capituli
1102 1289 1274 1338 metrop.
1300 1283 1652 1339 Salisburyensis‚

139 1357 186 1398 p.
213 1347 456 1386 134—143
500 1341 707 1397 (praescr.
719 1358 733 1386 .·
774 1344 949 1400 Incipit
989 1346 1087 1387 vita
1127 1345 1262 1388 beate
1305 1345 1656 1400 Bul-gundafori

15 1379 38 1480 ξ
145 1401 360 1459 virginis)
392 1403 484 1446 sola
514 1403 741 1446 Miracula
770 1403 1086 1447 Evoriacensia
1107 1403 1200 1458 (II,
1228 1404 1425 1457 11—22)
1458 1403 1654 1458 continet,

16 1475 33 1517 ρ]
146 1466 302 1506 textum
332 1462 491 1506 scilicet
515 1463 795 1519 praecedenti
816 1463 1110 1517 propinquum
1141 1462 1235 1517 (II,
1264 1468 1329 1505 11.
1362 1464 1546 1506 facibus
1572 1478 1658 1518 pro

16 1523 39 1575 ἶ,
86 1541 122 1568 ao
145 1523 333 1566 facilius
365 1540 421 1557 =
453 1522 498 1565 A
517 1523 587 1564 1b4
617 1526 657 1565 et
676 1536 750 1577 pr.
782 1537 838 1565 m.
865 1523 909 1565 A
935 1523 1040 1578 lb3),
1074 1523 1143 1566 cui
1173 1524 1302 1566 verba
1333 1523 1404 1576 II,
1434 1527 1499 1564 13.
1532 1524 1659 1567 inter

22 1580 30 1593 ²
147 1596 340 1626 sexuum
378 1596 510 1636 usque
550 1583 610 1626 ad
639 1582 709 1636 ΙΙ,
738 1586 804 1625 14.
827 1582 888 1625 in.
922 1598 1027 1626 cum
1060 1586 1289 1626 extremos
1330 1583 1491 1637 desunt,
1531 1597 1657 1626 versu

18 1683 27 1699 ff
146 1655 235 1685 non
273 1641 523 1696 interrupto.
591 1642 959 1698 Praescriptiones
1000 1643 1301 1686 desiderantur
1340 1657 1473 1697 neque
1513 1642 1657 1697 capita

19 1708 53 1758 ξ
146 1701 350 1746 distincta
379 1706 490 1747 sunt.

9 1758 34 1821 j
290 1762 333 1804 A
354 1761 476 1816 1b4⁸)
524 1761 697 1806 Codices
735 1762 988 1806 monasterii
1029 1763 1073 1806 S.
1121 1762 1316 1806 Crucis
1354 1762 1405 1805 in
1444 1762 1656 1815 inferiore

11 1818 30 1871 ’ξ
85 1840 122 1868 85
146 1821 333 1865 Austria
353 1835 496 1878 prope
515 1822 672 1865 Baden
696 1821 770 1865 siti
794 1837 837 1866 n.
866 1826 916 1865 11
945 1827 984 1866 et
1011 1827 1077 1877 12,
1111 1837 1219 1866 saec.
1245 1822 1364 1865 XII.
1388 1837 1465 1876 ex„
1498 1822 1657 1865 scilicet

21 1882 23 1886 ⁴
147 1881 387 1936 legendarii
424 1881 572 1936 mayni
602 1882 831 1926 Austriaci
869 1883 1088 1926 volumina
1119 1883 1161 1925 I.
1195 1886 1234 1926 et
1264 1882 1334 1936 II,
1376 1883 1477 1925 dum
1507 1882 1655 1925 ultimo

147 1940 254 1984 liber
283 1941 414 1996 prior
451 1941 563 1985 inest
599 1941 728 1995 infra
767 1944 1083 1986 enumerandus
1125 1941 1188 1997 (Β
1219 1947 1264 1985 le
1278 1941 1325 1997 1),
1377 1941 1481 1985 libri
1519 1946 1655 1997 poste-

146 2000 280 2044 rioris
300 2005 452 2056 partes
483 2016 626 2044 omnes
655 2002 853 2045 exhibent
881 2001 946 2046 ita
977 2002 1231 2057 dispositas:

289 2075 333 2104 n.
361 2065 427 2115 11,
459 2061 535 2114 fol.
562 2065 809 2115 167-169,
852 2062 902 2106 V.
934 2062 1135 2117 Athalae,

85 2141 121 2168 ω
289 2135 333 2164 n.
360 2125 427 2175 11,
459 2121 535 2174 fol.
558 2120 844 2176 243¹—245‘,
887 2122 936 2165 V.
969 2122 1170 2165 Eustasii
1212 2137 1300 2166 non
1338 2122 1652 2178 interpolatam,

289 2195 332 2223 n.
361 2183 426 2234 12,
458 2181 535 2234 fol.
558 2180 734 2234 8—12‘,
757 2181 987 2225 Miracula
1012 2181 1327 2226 Evoriacensia
1352 2196 1445 2225 oum
1472 2183 1521 2226 V.
1546 2183 1653 2227 Ber·

145 2240 241 2293 tulfi
258 2240 287 2282 1.

144 2299 366 2343 Lectiones
396 2299 525 2343 huius
555 2299 754 2353 familiae
780 2300 994 2357 propriae
1025 2305 1064 2344 et
1092 2301 1142 2344 in
1174 2302 1223 2345 V.
1256 2301 1457 2345 Eustasii
1491 2298 1583 2357 (II,
1610 2307 1648 2345 7.

143 2359 314 2403 Evenit
357 2362 528 2411 autem,
578 2363 632 2403 ut
677 2359 817 2417 ficum
862 2362 1162 2416 necessitate)
1205 2365 1244 2404 et
1282 2361 1332 2405 in
1372 2362 1421 2405 V.
1462 2361 1654 2416 Bertulfi

22 2430 29 2445 ³
83 2438 120 2466 ω
146 2416 239 2474 (ΙΙ,
267 2422 338 2462 25.
364 2433 428 2462 ex.
462 2421 542 2476 qui
573 2421 712 2463 huius
744 2422 853 2464 fidei
885 2422 1045 2478 paucis
1081 2436 1175 2465 non
1209 2420 1376 2476 credit)
1410 2427 1651 2477 occurrunt,

142 2492 275 2533 neque
310 2493 408 2522 vero
439 2479 488 2522 in
525 2480 572 2523 V.
604 2480 793 2524 Athalae
822 2481 978 2524 menda
1009 2496 1061 2524 ea
1091 2481 1458 2537 deprehendimus,
1500 2481 1655 2536 quibus

143 2538 248 2581 libri
268 2539 312 2581 A
332 2539 403 2582 lb1
423 2544 463 2582 et
481 2540 525 2582 A
546 2540 617 2583 1b⁵
646 2539 867 2595 inquinati
891 2545 991 2584 sunt
1022 2538 1114 2596 (II,
1142 2547 1178 2584 1.
1211 2555 1344 2597 neque
1377 2542 1543 2585 alienis
1566 2555 1652 2596 pro

143 2598 302 2642 abenis
333 2612 465 2653 neque
496 2601 651 2643 animo
682 2599 800 2654 om.).

7 2753 12 2775 3
144 2727 180 2772 1)
217 2727 316 2761 Haec
340 2729 461 2762 omm'a
485 2729 592 2762 etiam
615 2728 895 2765 Zwettlonsi
918 2741 954 2766 n.
974 2731 1030 2767 13.
1056 2734 1087 2764 et
1111 2742 1148 2768 n.
1167 2733 1225 2775 24,
1257 2742 1348 2768 saec.
1375 2731 1587 2778 XIIJXIII,
1618 2736 1652 2767 et

9 2779 15 2821 ζ
82 2785 119 2810 40
143 2775 465 2810 Admuntensi
486 2786 521 2810 n.
539 2777 599 2812 25.
620 2780 652 2810 et
671 2787 707 2812 n.
726 2778 785 2821 24,
810 2787 896 2813 saec.
915 2777 1031 2821 XIII,
1057 2778 1257 2823 leqendarii
1272 2780 1370 2814 illius
1385 2781 1651 2825 eoeemplaribus

23 2839 25 2841 ·
142 2824 377 2866 cmitinentar,
412 2823 542 2868 quibus
574 2822 622 2855 Μ
623 2824 664 2858 el
671 2825 685 2858 l
692 2826 843 2860 icense
876 2824 926 2859 M.
943 2827 978 2869 4,
1014 2827 1111 2860 alias
1141 2828 1223 2870 674,
1267 2837 1354 2863 saec.
1381 2827 1468 2871 XV,
1507 2829 1649 2872 accedit,

152 2869 192 2907 V.
211 2871 367 2905 Athalae
387 2870 604 2915 aestuatum,
628 2872 714 2906 dum
735 2873 814 2907 sola
835 2875 944 2917 prior
961 2884 1058 2917 pars
1081 2875 1150 2917 (ad
1169 2875 1223 2918 II,
1241 2877 1273 2911 9.
1298 2874 1506 2916 obicerent)
1527 2875 1588 2910 Ca
1597 2887 1651 2910 m-

140 2919 196 2962 pi
203 2919 265 2952 liz
272 2920 288 2952 i
295 2920 398 2953 ensi
418 2929 455 2955 n.
473 2920 531 2963 59,
553 2929 642 2955 saec.
659 2920 775 2964 XIII,
795 2922 895 2956 inest.
937 2921 991 2955 De
1007 2932 1138 2965 mayno
1155 2922 1216 2956 illo
1232 2923 1439 2966 leqendario
1454 2924 1650 2958 Austriaco

145 2976 237 3010 quae
276 2967 386 3000 attuli
417 2977 458 3000 ea
490 2976 535 3002 ex
566 2967 815 3002 dissertatione
853 2968 1129 3011 diliyentissima
1169 2970 1384 3015 deprompsi,
1425 2981 1515 3015 quae
1555 2972 1650 3006 inter

82 3022 118 3048 45
147 3014 324 3048 Analecta
349 3014 604 3058 Bollandiana,
629 3019 710 3051 tom.
735 3015 866 3059 XVII,
890 3019 998 3059 extat,
1020 3016 1066 3051 ab
1090 3019 1135 3052 A.
1153 3018 1310 3052 Poncelet
1333 3020 1535 3062 composita.
