2008 3302
364 294 390 329 4
653 290 821 336 IONAS,
839 289 1000 327 VITAE
1027 288 1333 326 OOLUMBANI
1357 289 1504 326 LIBRI
1528 289 1581 327 Π.

367 415 493 458 lutem
531 413 856 468 praedicabant,
907 426 1161 466 quocumque
1198 411 1517 466 perveniebant.
1587 411 1876 456 Columbanus

367 488 460 517 eum
488 478 631 528 qentes
670 487 713 515 se
755 471 1028 514 visitaturum
1058 471 1199 525 eisque
1229 470 1493 525 evanqelium
1514 471 1876 526 praedicaturum

365 533 543 576 vovisset
556 533 583 586 ¹,
625 537 767 575 tamen
796 531 974 574 salutem
1005 531 1092 574 seri
1121 545 1207 573 non
1234 545 1360 585 posse
1390 529 1597 574 intellexit
1626 530 1716 574 nisi
1746 531 1871 575 certis

367 591 579 635 collocatis
625 590 865 634 domiciliis.
928 590 1215 644 Manifestum
1260 589 1373 633 enim
1418 594 1512 633 erat
1549 589 1871 646 pereyrinantis

357 651 725 706 praedicationem
765 649 954 702 effectum
992 649 1236 704 promereri
1274 663 1436 703 parum
1474 650 1679 704 stabilem,
1727 663 1870 704 quam·
1893 667 1919 694 ει

366 724 495 765 quam
514 725 565 754 ea
586 724 694 765 quae
706 709 990 764 praedicabat
1001 708 1186 765 proprio
1201 722 1361 763 quoque
1376 709 1560 764 exemplo
1575 710 1869 762 confirmabat.

376 771 510 814 Urbes
540 774 692 824 autem,
730 783 838 823 quae
868 769 928 811 ad
957 783 1089 812 novas
1119 767 1375 822 discipli-nas
1408 769 1718 824 propaqandas
1746 768 1871 812 hodie

365 829 539 873 visitari
569 829 713 883 solent,
755 827 1028 882 contemptori
1067 827 1196 871 huius
1225 827 1377 870 mundi
1406 841 1539 882 neque
1569 827 1874 872 conveniebant

366 903 498 943 neque
521 893 697 943 propter
726 887 937 942 episcopos
969 888 1176 942 patebant
1204 901 1256 930 ex
1286 886 1440 941 causis,
1482 889 1532 930 de
1562 887 1714 942 quibus
1742 887 1872 941 infra

367 948 659 991 disserendum
690 952 760 1001 est,
793 948 868 990 sed
891 946 1044 990 deserti
1068 946 1187 1001 quies
1207 946 1248 989 ei
1267 945 1342 1001 qui
1362 947 1528 990 saeculo
1547 946 1873 990 renuntiaverat
1895 960 1936 991 10'

366 1007 512 1064 aptius
542 1007 737 1061 eliqenda
768 1010 872 1060 erat,
904 1010 951 1048 ut
971 1007 1154 1060 eoeemplo
1175 1010 1214 1048 et
1233 1019 1358 1061 opere
1377 1010 1600 1049 sectatores
1619 1005 1868 1061 acquireret,

365 1081 442 1110 nec
461 1067 600 1120 ipsum
621 1080 710 1109 rem
725 1065 929 1118 fefellisse
950 1079 1002 1108 ex
1021 1065 1169 1117 effectu
1185 1064 1326 1119 colliyi
1339 1069 1488 1118 potest.
1524 1065 1672 1120 Iyitur
1690 1065 1742 1109 in
1755 1065 1871 1109 Bwr-

363 1126 572 1181 9undiam
594 1126 813 1180 profectus
835 1124 1229 1179 pereyrinationem
1257 1138 1381 1166 suam
1410 1123 1645 1179 interrupit
1672 1129 1797 1179 atque
1819 1125 1872 1168 in

366 1199 502 1228 eremo
533 1184 691 1239 Vosaqi
721 1184 876 1227 montis
908 1198 1024 1227 anno
1057 1188 1157 1226 591.
1191 1183 1341 1226 cellula
1372 1186 1638 1227 construeta2
1669 1184 1868 1239 consedit,

364 1244 525 1288 scilieet
553 1244 603 1287 in
625 1249 762 1287 castro
787 1243 888 1286 olim
913 1243 1056 1286 diruto
1077 1243 1147 1286 cui
1171 1257 1323 1286 nomen
1344 1247 1439 1286 erat
1457 1243 1735 1298 Ancyrates⁸
1752 1244 1874 1288 haud
1894 1258 1937 1290 ιε

356 1304 512 1359 procul
537 1319 565 1346 a
585 1303 746 1357 finibus
768 1303 1012 1355 Suevorum,
1045 1302 1120 1357 qui
1144 1302 1450 1346 latrocinantes
1474 1317 1604 1357 usque
1633 1303 1684 1346 in
1707 1317 1759 1346 ea
1779 1303 1872 1348 loca

357 1363 745 1418 proqrediebantur
755 1363 784 1405 4.
845 1361 974 1406 Cibus
1003 1361 1055 1405 in
1080 1361 1183 1405 locis
1213 1361 1378 1416 asperis
1402 1376 1453 1405 ac
1483 1362 1714 1416 scopulosis
1743 1361 1871 1406 initio

365 1423 473 1466 satis
512 1422 652 1465 tenuis
671 1448 673 1450 -
690 1426 794 1476 erat,
835 1421 994 1465 seilicet
1032 1421 1205 1465 cortices
1240 1422 1442 1464 arborum
1472 1422 1706 1476 herbaeque
1735 1422 1872 1466 saltus

366 1486 405 1525 et
434 1481 638 1537 inprimis
674 1481 866 1535 parvula
903 1480 984 1524 illa
1014 1495 1159 1535 poma,
1207 1495 1315 1535 quae
1349 1481 1527 1533 frutices
1557 1481 1735 1536 rubique
1763 1482 1871 1535 fere·

367 1542 469 1584 bant
489 1555 676 1596 quaeque
697 1541 891 1595 bulluqas
911 1541 1033 1595 vulyo
1054 1541 1381 1595 appellabant5,·
1410 1542 1486 1584 sed
1507 1540 1659 1595 inopia
1678 1540 1871 1585 maxima
1894 1560 1937 1587 πο

366 1601 564 1655 instante,
597 1600 690 1655 piis
721 1600 1120 1655 pereqrinatoribus
1159 1599 1294 1643 vicini
1323 1601 1470 1653 fideles
1500 1600 1706 1644 alimenta
1731 1613 1871 1645 neces·
1931 1601 1937 1618 ²

366 1660 490 1704 saria
530 1660 648 1714 equis
686 1659 928 1703 vehentibus
967 1659 1215 1714 afferebant,
1263 1659 1375 1702 velut
1410 1659 1705 1703 Carantocus⁶
1739 1660 1872 1704 abbas

365 1719 617 1763 monasterii
649 1719 808 1763 Salicis
838 1723 877 1762 et
906 1719 995 1773 ipse
1025 1718 1281 1774 alieniyena,
1318 1718 1479 1763 scilicet
1507 1719 1653 1762 Britto
1668 1720 1694 1763 ⁷.
1765 1719 1872 1764 Oum

365 1793 507 1822 omnes
529 1793 666 1834 parco
698 1778 788 1822 cibo
819 1783 893 1821 aut
910 1779 1039 1831 'fame
1070 1792 1242 1821 carnem
1269 1779 1579 1833 voluptatesque
1609 1783 1874 1823 contererent

364 1838 537 1893 Deoque
567 1838 827 1891 mortificata
846 1840 1034 1881 membra
1055 1837 1269 1892 offerrent,
1301 1843 1444 1882 tamen
1470 1838 1756 1882 Columbanus
1778 1838 1871 1894 ipse
1893 1858 1936 1886 25

364 1898 504 1942 adhuc
534 1897 784 1941 severiorem
814 1897 926 1940 vitae
957 1897 1168 1940 rationem
1196 1897 1428 1953 inqressus,
1468 1898 1613 1941 diebus
1643 1897 1872 1942 dominicis
1933 1925 1936 1927 -

363 1957 546 2011 aliisque
575 1957 697 2010 festis
722 1957 1174 2011 appropinquantibus,
1208 1959 1258 2000 de
1282 1957 1424 2001 media
1444 1957 1657 2000 sodalium
1675 1957 1871 2002 societate

361 2018 579 2060 recedebat
617 2021 740 2083 atque
780 2017 829 2059 in
865 2021 1066 2060 secretam
1106 2017 1236 2060 eremi
1273 2031 1442 2073 specum
1481 2032 1526 2060 se
1554 2017 1786 2071 recipiebat
1813 2018 1869 2061 ab

361 2077 587 2143 Anagrate
618 2076 684 2119 cir
685 2091 734 2119 ca
765 2080 916 2130 septem
947 2076 1072 2118 milia
1103 2076 1342 2131 distantem,
1374 2081 1422 2119 ut
1442 2078 1598 2131 absque
1619 2076 1735 2120 curis
1754 2077 1874 2121 solus

360 2135 522 2178 ieiunio
569 2135 834 2190 orationique
885 2140 1057 2183 vacaret
1105 2135 1386 2203 reliqionique
1437 2150 1481 2179 se
1531 2137 1724 2191 dederet,·
1774 2150 1869 2185 cum
1891 2156 1934 2184 00

361 2195 407 2248 fr
409 2195 574 2238 atribus
604 2200 743 2238 autem
775 2195 1066 2238 commercium
1089 2209 1173 2250 per
1202 2195 1450 2239 ministrum
1470 2195 1544 2250 qui
1573 2195 1723 2262 ipsum
1745 2195 1868 2245 comi-
1930 2221 1934 2225 >

361 2256 532 2298 tabatur
552 2255 832 2298 Domoalem8
862 2255 1034 2298 nomine
1065 2256 1291 2299 exercebat.
1345 2255 1406 2298 In
1430 2255 1608 2299 saltibus
1631 2254 1745 2298 aviis
1770 2269 1867 2299 cum

359 2314 470 2366 feris
501 2329 623 2368 saepe
655 2314 1003 2380 conqrediebatur
1033 2329 1166 2369 neque
1190 2329 1288 2358 vero
1311 2315 1377 2358 vel
1401 2314 1650 2369 rapaciores
1680 2314 1720 2358 ei
1749 2329 1869 2359 noce-

361 2373 472 2427 bant,
515 2375 589 2416 sed
619 2374 692 2427 qui
724 2388 785 2428 pr
786 2389 859 2428 ope
889 2389 1035 2441 specus
1066 2388 1174 2429 quas
1202 2375 1478 2429 frequentare
1507 2375 1668 2418 solebat
1695 2387 1869 2418 commo-

358 2434 571 2475 rabantur
600 2447 656 2475 ur
656 2433 695 2475 si
727 2434 896 2487 lupique
920 2433 1059 2488 ipsius
1080 2433 1212 2477 iussis
1233 2433 1381 2488 potius
1406 2433 1731 2488 oboediebant⁹,·
1761 2433 1866 2477 ami·
1888 2453 1932 2482 ετ,

359 2491 525 2534 cissime
556 2492 669 2535 enim
700 2507 793 2535 cum
819 2493 962 2536 bestiis
981 2493 1245 2537 silvestribus
1264 2493 1421 2536 vixisse
1450 2493 1629 2547 videtur,
1661 2494 1722 2536 ad
1744 2492 1866 2537 cuius

358 2550 584 2605 imperium
626 2552 695 2604 fer
697 2567 747 2595 ae
778 2567 955 2607 avesque
985 2557 1163 2596 testante
1200 2552 1481 2608 Gliaynoaldo
1511 2552 1710 2596 ministro
1740 2552 1865 2596 disci·
1928 2602 1932 2606 ¹

348 2611 534 2665 puloque
579 2611 722 2654 statim
767 2612 972 2666 venerint,
1021 2627 1128 2667 quas
1172 2627 1306 2655 manu
1346 2611 1572 2656 blandiens
1601 2613 1862 2667 attrectabat,

358 2764 393 2807 1)
423 2763 633 2797 Columbani
657 2774 708 2808 ep.
734 2764 803 2807 IV,
829 2765 915 2800 ΜΘ.
942 2765 1013 2809 Ep.
1038 2765 1115 2809 III,
1134 2776 1175 2810 p.
1195 2765 1275 2801 167.
1373 2763 1411 2811 2)
1439 2764 1497 2807 Of.
1519 2764 1563 2802 V.
1588 2764 1743 2802 Columb.
1767 2764 1801 2809 I,
1817 2766 1862 2802 8:

356 2811 503 2844 secessit
537 2822 558 2845 a
593 2811 734 2847 cellula.
832 2811 869 2858 3)
903 2813 958 2848 Ib.
985 2813 1017 2856 I,
1045 2814 1077 2848 6.
1183 2813 1222 2857 4)
1249 2811 1304 2849 lb.
1329 2811 1362 2856 I,
1387 2813 1421 2849 8.
1529 2813 1567 2856 5)
1594 2811 1650 2849 Ib.
1675 2812 1709 2858 I,
1734 2813 1784 2856 9;
1814 2814 1862 2856 cf.
1883 2825 1932 2853 40

356 2867 382 2893 c.
402 2860 459 2893 27.
558 2858 593 2904 6)
621 2859 672 2895 Ib.
699 2859 730 2902 I,
749 2861 781 2895 7.
878 2861 913 2904 7)
942 2861 996 2895 De
1020 2861 1096 2895 eius
1119 2861 1261 2894 nominc
1283 2871 1314 2896 v.
1338 2860 1500 2894 Zimmer
1522 2860 1623 2905 apud
1646 2860 1693 2896 A.
1714 2859 1859 2905 Hauck,

353 2905 639 2985 d‘IKirchenyesch.
666 2907 943 2942 Deutschtands'
966 2907 997 2952 I,
1016 2909 1086 2944 266
1099 2907 1122 2946 ³.
1227 2909 1266 2953 8)
1294 2906 1336 2944 V.
1363 2907 1517 2944 Columb.
1543 2907 1576 2950 I,
1593 2908 1628 2945 9.
1733 2907 1772 2953 9)
1803 2906 1864 2945 Ib.

377 2978 388 2996 ,
410 2954 444 2988 s,
468 2955 525 2989 27.
