2008 3302
430 249 599 295 IoNAS,
620 249 781 286 VITAE
807 249 1116 287 GOLUMBANI
1139 249 1285 286 LIBRI
1310 250 1363 288 II.
1605 253 1653 288 49

142 371 320 416 missum
358 373 526 415 domum
566 371 734 416 visendi
772 371 1086 426 impetraverat,
1133 386 1227 416 cum
1265 374 1482 427 quondam
1511 388 1652 417 mense

143 431 387 476 beruario
426 432 592 476 Athala
631 432 764 475 abbas
801 446 883 475 sua
927 436 1072 486 sponte
1109 431 1197 486 ipsi
1235 432 1475 488 imperavit,
1517 438 1564 477 ut
1601 433 1653 477 in

133 490 331 548 patriam
363 491 710 546 proficisceretur
739 491 942 546 nullaque
980 505 1103 534 mora
1141 496 1433 536 reverteretur.
1496 493 1651 548 Itaque

142 555 325 607 mpore
355 550 484 594 nimii
513 550 710 606 friyoris,
743 551 991 606 presbytero
1030 551 1290 605 diaconoque
1329 552 1549 596 comitibus
1578 554 1651 596 ad-

100 627 123 656 ι
143 610 246 656 ditis
289 612 349 654 ad
387 610 705 654 custodiendam
749 610 918 654 iuvenis
962 610 1305 666 sanctimoniam,
1353 613 1523 667 lonyum
1568 612 1651 656 iter

142 669 333 724 suscepit,
366 669 487 713 cuius
517 669 659 714 media
680 683 794 725 pars
823 669 968 713 triduo
989 670 1182 713 absoluta
1207 670 1374 714 videtur
1393 686 1493 726 esse,
1525 677 1651 727 atque

141 743 302 774 summo
329 729 491 785 qaudio
522 744 551 774 a
580 734 716 773 matre
746 730 967 784 fratreque
997 734 1186 784 receptus
1217 735 1288 784 est,
1321 732 1396 774 sed
1423 732 1544 775 baud
1573 731 1650 775 diu

141 792 280 847 optato
310 793 480 845 aspectu
508 788 578 833 illi
607 789 877 844 fruebantur,
915 804 1019 832 nam
1050 794 1174 833 noctu
1211 790 1403 843 febribus
1434 796 1650 846 correptus

141 848 279 894 Ionas
323 848 680 893 vehementissime
731 849 1011 903 desiderabat,
1062 853 1111 892 ut
1159 864 1288 904 quam
1340 850 1541 894 citissime
1591 852 1653 895 ad

35 924 41 956 .·
82 925 119 964 πρ
140 908 444 953 monasterium
479 908 650 952 rediret.
720 909 809 963 Quo
840 923 934 952 cum
965 909 1216 964 advenisset,
1257 911 1448 954 abbatem
1478 910 1569 953 iam
1599 911 1650 954 in

31 964 35 978 ²
141 971 328 1016 extrema
356 973 488 1012 morte
509 969 699 1024 positum
723 968 920 1023 repperit,
952 968 1027 1024 qui
1052 968 1122 1012 die
1147 974 1214 1012 10.
1238 969 1402 1013 Martii
1423 985 1456 1014 c.
1480 986 1521 1014 a.
1546 975 1646 1014 626.
1717 1021 1722 1028 ,

141 1027 251 1072 diem
280 1042 522 1083 supremum
553 1028 669 1072 obiit
722 1029 839 1072 Erat
867 1033 1007 1072 autem
1033 1029 1170 1073 Ionas
1199 1029 1439 1073 ministerio
1459 1030 1648 1074 Athalae

140 1087 378 1142 addicta-3¹,
410 1102 531 1143 quem
562 1089 697 1132 locum
727 1090 849 1145 apud
883 1087 1190 1132 Columbanum
1221 1088 1322 1132 olim
1353 1089 1580 1134 Domoalis
1611 1095 1651 1134 et

147 1146 450 1203 Ghaynoaldus
486 1153 806 1203 occupaverant,
848 1147 1130 1203 epistula-eque
1170 1149 1224 1192 ab
1256 1150 1406 1193 abbate
1436 1150 1649 1204 perlectae

8 1199 42 1242 ·’9
81 1223 116 1261 με
140 1206 275 1252 eidem
305 1209 594 1252 asservandae
618 1209 911 1263 tradebantur,
944 1208 1053 1252 sicut
1076 1208 1272 1263 Aqrestii
1302 1209 1467 1252 litterae
1481 1211 1508 1263 2,
1540 1224 1649 1265 quas

26 1256 42 1280 ²
131 1271 233 1322 post
260 1267 413 1310 multos
442 1282 582 1311 annos
612 1267 876 1323 neyleqentia
897 1268 1102 1334 perdidit,
1136 1272 1260 1323 atque
1284 1268 1413 1312 etiam
1442 1284 1648 1323 responsa

139 1326 324 1380 fortasse
349 1326 558 1370 scribebat
583 1342 714 1382 eaque
734 1327 882 1371 omnia
901 1341 1010 1382 quae
1030 1327 1080 1370 in
1101 1328 1347 1372 commercio
1368 1329 1648 1382 epistularum

140 1385 372 1431 coenobiali
416 1388 692 1430 occurrebant
735 1387 973 1430 scribenda.
1046 1387 1192 1430 Electo
1238 1387 1440 1441 Bertulfo
1485 1389 1645 1443 abbate,

138 1445 252 1490 idem
281 1460 437 1489 munus
467 1446 675 1490 retinebat
705 1451 877 1501 eratque
907 1446 957 1490 in
987 1446 1125 1501 ipsius
1157 1447 1397 1502 comitatuss,
1431 1462 1525 1491 cum
1553 1448 1645 1503 pri-

30 1541 34 1543 >
78 1521 116 1554 aa
139 1505 285 1561 vileqii
324 1520 456 1549 causa
495 1521 537 1550 a.
572 1511 670 1560 628,
712 1521 853 1550 meuse
893 1506 1037 1561 Iuni0,
1079 1506 1262 1550 Romam
1302 1508 1362 1550 ad
1400 1507 1648 1551 Honorium

130 1579 296 1620 papam
324 1565 398 1609 ille
428 1565 614 1610 accessit.
677 1567 826 1610 Abbas
862 1581 989 1622 aeyer
1015 1581 1067 1609 ex
1101 1566 1212 1611 Urbe
1243 1581 1510 1622 proqressus,
1553 1582 1647 1612 cum

31 1674 34 1682 ἶ
138 1624 309 1670 rediens
339 1639 475 1681 prope
503 1625 779 1670 Bismantum
821 1631 1006 1670 castrum
1046 1626 1136 1670 iam
1166 1626 1356 1670 dirutum
1387 1627 1430 1670 vi
1459 1627 1647 1681 febr-ium

11 1692 63 1742 z„
139 1684 456 1741 omrimeretur,
501 1700 674 1740 cumque
712 1686 845 1729 tensis
883 1685 1079 1730 tentoriis
1117 1686 1167 1729 in
1208 1686 1310 1730 loeis
1350 1687 1517 1742 asperis
1548 1702 1645 1743 per-

42 1747 43 1750 ’
138 1749 339 1800 noctaret,
373 1745 531 1789 Ionam
561 1745 795 1800 arcessivit,
828 1745 1024 1800 curisque
1055 1746 1196 1800 officii
1226 1746 1295 1790 sui
1326 1752 1562 1814 occupatus,
1596 1749 1646 1791 de

23 1827 28 1830 ·
78 1819 115 1848 ιι
138 1803 302 1860 viyiliis
351 1805 573 1849 nocturnis
623 1820 717 1849 eum
773 1781 1074 1861 interroqavit,
1136 1820 1309 1861 cumque
1360 1807 1506 1850 omnia
1555 1807 1646 1851 iam

138 1863 345 1931 disposita
375 1879 463 1908 esse
493 1864 693 1920 audisset,
726 1870 825 1909 ante
854 1870 1036 1909 stratum
1066 1881 1190 1909 suum
1212 1881 1295 1920 per
1325 1870 1455 1910 totam
1487 1872 1647 1911 noctem

137 1923 279 1991 ipsum
317 1925 523 1968 excubare
562 1925 699 1969 iussit.
763 1925 915 1969 Etiam
955 1940 1048 1969 cum
1078 1926 1287 1969 Eustasio
1328 1927 1476 1969 abbate
1507 1927 1647 1970 Luxo-

137 1983 276 2028 viensi
321 1981 361 2041 (†
394 1981 495 2051 629)
543 1985 680 2028 Ionas
725 1990 996 2029 conversatus
1041 1985 1209 2029 videtur
1255 2000 1342 2029 esse
1355 1987 1384 2040 4,
1437 1986 1526 2029 sive
1576 1986 1648 2030 ille
1702 2037 1713 2044 „

137 2041 324 2087 Bobium
363 2043 475 2099 visit,
516 2045 615 2099 sive,
653 2046 767 2100 quod
803 2045 964 2100 malim,
1006 2045 1095 2100 ipse
1126 2045 1371 2090 Luxovium
1410 2046 1648 2090 translatus

77 2118 115 2146 ιο
137 2107 221 2147 est:
251 2104 479 2147 monachos
517 2105 632 2148 enim
662 2105 778 2148 inter
808 2106 979 2148 abbates
1008 2105 1230 2159 utriusque
1260 2105 1512 2149 monasterii
1543 2120 1646 2149 eom-

136 2167 320 2207 mutatos
349 2177 436 2207 esse
466 2163 556 2218 ipse
587 2168 764 2207 testatur
776 2165 805 2206 3.
858 2165 972 2207 Ante
992 2164 1182 2218 Bertulfi
1208 2164 1365 2208 obitum
1396 2170 1435 2208 et
1463 2166 1648 2219 fortasse

138 2237 172 2266 c.
205 2238 247 2266 a.
271 2227 371 2266 639.
404 2225 522 2278 apud
549 2224 714 2277 fratres
743 2223 978 2267 Bobienses
1008 2225 1348 2268 commorabatur
1360 2225 1389 2280 4,
1431 2226 1561 2269 donec
1592 2227 1646 2269 ab

137 2282 340 2326 Amando
377 2282 568 2338 episcopo
608 2283 780 2327 adiutor
819 2288 1011 2328 evocatus
1050 2289 1121 2338 est,
1168 2288 1217 2327 ut
1259 2284 1310 2328 in
1356 2285 1647 2329 convertendis

137 2342 330 2386 Francis
352 2343 545 2398 payanis
574 2342 660 2398 ipsi
690 2343 916 2387 assisteret.
970 2343 1082 2386 Mox
1110 2343 1160 2387 in
1199 2343 1392 2388 Galliam
1425 2344 1646 2400 Belqieam

77 2415 113 2449 δῦ
128 2401 360 2457 profectus,
385 2417 520 2458 prope
541 2403 759 2446 Elnonem
784 2404 926 2447 rivum
951 2403 1186 2447 constitisse
1209 2403 1388 2459 videtur,
1421 2419 1467 2448 eo
1490 2405 1646 2459 procul

137 2461 263 2506 dubio
302 2462 401 2516 loco,
443 2476 564 2517 quem
595 2463 898 2507 monasterium
930 2479 958 2507 a
988 2468 1134 2507 sancto
1165 2468 1446 2508 constructum
1478 2469 1644 2520 postea-

137 2534 216 2576 que
245 2536 298 2565 ex
327 2521 419 2578 ipso
450 2523 706 2577 ambellatum
737 2524 977 2578 occupabat,
1009 2523 1190 2578 indeque
1221 2529 1490 2568 excurrentes
1516 2539 1644 2579 prae·

137 2580 348 2627 dicatores
384 2582 575 2637 yentium
606 2596 690 2637 per
727 2583 928 2638 Scarpim
960 2583 1231 2639 Scaldimque
1271 2584 1476 2627 lintribus
1514 2598 1644 2639 usque

136 2641 198 2684 ad
210 2641 358 2685 oceani
374 2655 454 2685 ora
469 2642 746 2697 navigabant.
794 2643 884 2697 Quo
899 2643 949 2686 in
965 2643 1130 2698 neyotio
1143 2643 1401 2698 yravissimo
1416 2644 1644 2687 minimum

78 2713 114 2742 ω
137 2699 372 2745 triennium
393 2702 706 2756 perseverabat.
759 2702 991 2746 Praeterea
1021 2703 1149 2746 etiam
1179 2703 1230 2746 in
1254 2704 1511 2747 monasterio
1532 2704 1642 2746 Evo-

136 2757 325 2805 riaeensi
354 2761 518 2804 diutius
549 2761 783 2805 constitisse
812 2762 991 2817 videtur,
1033 2762 1107 2806 ubi
1145 2763 1312 2818 virqine
1351 2765 1538 2817 quadam
1578 2764 1643 2806 de-

138 2877 175 2923 1)
197 2877 239 2914 V.
266 2878 420 2915 Columb.
446 2879 500 2922 II,
516 2880 549 2915 2.
625 2880 662 2923 2)
691 2879 748 2915 Ib.
774 2880 829 2923 II,
848 2881 880 2916 9.
954 2880 991 2926 3)
1016 2880 1075 2916 Ib.
1099 2881 1152 2923 II,
1169 2882 1227 2916 23.
1301 2880 1339 2925 4)
1368 2880 1424 2923 Cf.
1451 2881 1641 2925 epistulam

144 2924 185 2962 V.
212 2926 424 2961 Columbant
445 2928 699 2970 praemissam

208 2998 242 3023 10
224 3005 307 3025 om
1195 2966 1197 2968 Ι
1427 3002 1452 3036 4
