2008 3302
13 592 18 628 ὲ

16 765 41 807 ‘i

437 291 606 338 IONAS,
626 292 786 329 VITAE
812 292 1119 330 GOLUMBANI
1145 292 1290 330 LIBRI
1315 293 1367 331 ΙΙ.
1612 296 1658 333 23

149 415 354 471 fessionis
383 420 566 459 secretae
596 415 645 459 in
676 415 852 460 ecclesia
873 415 1128 460 continentis
1149 416 1358 460 catholica
1379 416 1615 460 celebratur
1628 418 1657 460 ¹.

149 475 365 520 Doctrina
396 474 487 519 eius
517 475 566 518 in
588 475 766 519 concilio
789 474 1080 519 Gabillonensi
1100 491 1141 518 a.
1166 480 1267 518 650.
1296 476 1485 531 primum
1507 482 1658 520 sancta

149 539 226 590 cst,
274 534 480 590 episcopis
526 534 899 590 consentientibus,
945 535 1259 590 paenitentiam
1301 541 1574 591 peccatorum
1620 541 1660 580 et

149 595 343 639 omnibus
382 594 527 638 utilem
563 609 652 638 esse
691 599 730 638 et
761 596 865 638 data
895 594 1160 662 confessione
1200 610 1228 638 a
1265 595 1554 640 sacerdotibus
1592 596 1656 640 in-

9 649 14 679 ·:
32 670 35 673 ·
57 713 60 716 ι
107 670 125 699 ι
148 653 414 699 dicendam.
386 656 402 681 ²
469 654 705 698 Monachis
725 668 887 709 quoque
911 654 1004 698 suis
1024 654 1331 721 confessionem
1357 660 1482 710 atque
1503 656 1657 711 paeni-

147 713 324 758 tentiam
362 714 510 769 primo
556 715 643 757 loco
689 714 890 781 imposuit
935 714 1129 768 aliasque
1172 715 1226 758 ab
1266 715 1328 758 eis
1374 716 1482 770 leyes
1522 717 1657 760 obser

146 773 245 818 vari
283 773 427 827 voluit,
468 788 577 828 quas
617 788 669 817 ex
708 773 846 828 ipsius
876 774 1025 829 regula
1057 774 1197 829 colliyi
1228 774 1349 829 licet,·
1379 776 1657 830 peccantibus

145 847 243 877 vero
273 834 336 877 vel
364 833 510 877 leviter
527 833 811 888 yravissimas
833 847 1000 888 poenas
1020 834 1249 877 constituit.
1302 834 1526 890 Reyulam,
1547 849 1656 890 quae

146 892 402 938 coenobialis
432 908 461 936 a
494 893 726 948 biographo
746 893 972 937 Desiderii
1001 893 1287 937 Cadurcensis
1317 894 1408 938 iam
1440 895 1656 949 amellam

86 968 122 997 ιο
145 957 206 997 est
218 953 246 1007 ⁸,
279 953 418 997 Ionas
447 952 538 1008 ipse
569 957 609 996 et
638 953 786 997 citavit
815 958 854 996 et
888 953 1122 1008 expilavit4
1153 958 1278 1008 atque
1313 955 1364 998 de
1404 955 1656 999 auctoritate

144 1017 186 1056 et
212 1013 298 1066 fide
327 1012 466 1068 ipsius
498 1013 752 1056 luculentum
783 1012 1068 1056 testimonium
1100 1015 1279 1068 praebet
1309 1015 1359 1057 de
1400 1028 1482 1068 quo
1521 1029 1656 1069 supra

144 1071 240 1116 dimi
275 1072 478 1116 Donatus
518 1073 738 1129 episcopus
770 1073 1130 1116 Vesontionensis.
1200 1073 1307 1117 Cum
1348 1074 1463 1117 enim
1500 1079 1655 1130 royatu

150 1132 472 1176 Gauthstrudae
513 1132 731 1187 omnisque
773 1133 1113 1188 conyreyationis
1158 1134 1410 1177 monasterii
1449 1149 1478 1177 a
1517 1139 1655 1178 matre

145 1191 318 1247 conditi,
351 1192 585 1247 exploratis
605 1192 766 1248 reyulis
787 1193 1096 1247 vetustioribus,
1119 1193 1392 1237 enchiridion
1413 1194 1655 1250 viryinibus

84 1267 120 1295 ιι
144 1256 290 1306 aptum
321 1257 595 1308 componeret,
621 1256 798 1306 praeter
828 1253 1002 1307 reyulas
1039 1252 1239 1296 Caesarii
1269 1253 1489 1308 viryinum
1528 1258 1654 1308 atque

142 1311 370 1355 Benedicti
415 1312 719 1355 monachorum
765 1313 877 1356 hanc
922 1312 1063 1367 ipsam
1112 1313 1363 1356 Columbani
1403 1316 1610 1368 excerpsit
1622 1314 1651 1368 ⁵,

142 1370 252 1415 sicut
280 1371 329 1414 in
360 1372 639 1426 praefatione
678 1376 851 1415 testatus
892 1376 963 1426 est,
1005 1377 1280 1427 excerptaque
1321 1387 1415 1416 cum
1454 1387 1506 1416 ea
1545 1385 1654 1427 quae

142 1435 331 1486 superest
367 1431 432 1474 ita
473 1431 677 1485 convenit,
719 1436 767 1474 ut
806 1435 941 1474 textus
981 1432 1041 1474 ad
1078 1431 1201 1475 illam
1242 1432 1393 1486 optime
1433 1433 1654 1476 emendari

131 1491 284 1546 possit.
361 1491 575 1536 Monachi
621 1466 732 1534 nihil
770 1491 998 1557 proprium
1037 1491 1315 1558 possidebant
1355 1507 1408 1536 ne
1447 1492 1654 1536 minimas

22 1554 33 1561 ”
81 1565 118 1594 ιο
141 1550 310 1618 quidem
341 1565 422 1606 res,
455 1552 530 1594 sed
558 1550 754 1594 omnibus
775 1551 921 1594 omnia
947 1551 1189 1594 communia
1214 1553 1380 1595 erantss.
1432 1551 1654 1606 Confessio

141 1610 206 1654 bis
239 1610 465 1654 minimum
506 1612 654 1654 danda
684 1615 778 1654 erat
807 1615 846 1654 et
884 1615 983 1654 ante
1017 1625 1208 1654 mensam
1245 1616 1285 1655 et
1318 1616 1418 1655 ante
1454 1613 1654 1656 lectorum

140 1670 317 1714 aditum.
385 1670 461 1713 Ad
503 1685 693 1714 mensam
740 1671 1068 1714 benedictionem
1114 1671 1405 1715 custodiebant
1448 1686 1653 1727 amenque

139 1728 451 1787 respondebant
479 1745 612 1785 neque
642 1744 740 1774 vero
770 1731 884 1774 inter
904 1745 948 1774 se
969 1731 1258 1786 loquebantur.
1318 1731 1543 1776 Cochleari
1564 1747 1653 1776 non

138 1791 378 1845 utebantur,
410 1790 501 1834 nisi
532 1792 644 1845 quod
673 1795 773 1834 ante
802 1790 1094 1846 siynaverant,
1122 1806 1255 1846 neque
1277 1792 1440 1835 cultello
1461 1806 1652 1835 mensam

17 1841 30 1871 ἶ
79 1865 117 1893 2³
129 1851 475 1907 pertundebant,·
506 1852 720 1905 cavebant,
754 1866 807 1894 ne
836 1850 972 1894 micas
993 1852 1225 1905 perderent
1262 1866 1364 1895 neve
1403 1852 1652 1895 cerevisiam

139 1909 416 1964 effunderent,
439 1924 547 1965 quae
564 1910 688 1965 potui
709 1911 800 1954 sola
819 1912 1017 1954 dabatur.
1059 1911 1221 1955 Mensa
1242 1912 1351 1955 hora
1376 1926 1494 1955 nona
1515 1926 1651 1966 para-

139 1970 276 2024 batur,
308 1969 338 2013 i.
364 1984 398 2013 e.
432 1970 558 2014 tertia
580 1970 899 2025 pomeridiana,
925 1975 1025 2026 post
1045 1985 1174 2025 quam
1205 1971 1318 2015 nulli
1348 1971 1398 2014 in
1424 1971 1650 2026 coquinam

137 2028 203 2072 ire
234 2029 398 2073 licebat.
459 2030 578 2074 Oura
609 2031 813 2084 coquendi
844 2031 908 2074 vel
935 2030 1220 2074 ministrandi
1246 2030 1460 2084 fratribus
1484 2031 1650 2085 quibus-

138 2090 238 2132 dam
260 2089 483 2133 commissa
504 2094 599 2133 erat
611 2090 947 2144 providentibus,
970 2105 1024 2133 ne
1044 2091 1108 2133 vel
1122 2091 1348 2145 paululum
1369 2090 1648 2143 effunderent.

78 2163 114 2192 oo
143 2148 390 2193 Orationem
421 2154 520 2192 ante
552 2164 656 2204 opus
686 2154 725 2193 et
748 2154 847 2205 post
877 2164 981 2204 opus
1003 2150 1299 2204 perficiebant.
1353 2151 1426 2194 Ea
1447 2151 1498 2193 de
1518 2165 1651 2194 causa

138 2209 397 2264 eyredientes
427 2210 559 2263 domo,
592 2209 623 2252 i.
651 2223 684 2253 e.
718 2210 869 2253 cellula
884 2210 910 2265 ⁷,
943 2214 1020 2252 aut
1049 2224 1095 2252 eo
1127 2210 1411 2264 reyredientes
1441 2224 1485 2253 se
1515 2210 1650 2253 humi-

139 2351 176 2394 1)
214 2350 273 2392 Cf.
297 2349 455 2395 Loninq,
492 2350 779 2385 ‘Kirchenrecht'
803 2350 856 2394 II,
888 2363 926 2396 p.
948 2352 1018 2387 471
1036 2362 1110 2395 sqq.
1123 2362 1139 2393 ‚·
1176 2351 1321 2395 Hauck,
1359 2351 1649 2395 ‘Kirchenycsck

137 2397 412 2432 Deutschlands'
429 2398 460 2442 I,
482 2409 522 2443 p.
540 2397 657 2443 275³,·
682 2399 728 2435 A.
751 2398 937 2443 Malnory,
965 2398 1060 2441 Quid
1084 2399 1325 2434 Luxovi‘enses
1348 2400 1518 2434 monachi
1540 2400 1650 2434 disci—

133 2446 217 2491 puli
241 2446 278 2482 S.
296 2446 512 2481 Columbam'
535 2447 584 2480 ad
607 2446 770 2490 requlam
787 2448 1087 2481 monasteriorum
1109 2451 1215 2491 atque
1238 2447 1288 2481 ad
1311 2457 1527 2482 communem
1551 2448 1649 2482 eccle-

79 2502 114 2530 85
137 2495 212 2528 siae
243 2494 449 2538 profectum
483 2495 707 2538 contulerint,
743 2494 906 2528 Parisiis
942 2496 1047 2539 1894,
1080 2507 1116 2540 p.
1144 2496 1202 2531 62.
1324 2496 1362 2540 2)
1401 2495 1562 2530 Concilia
1595 2496 1647 2532 ed.

137 2541 309 2576 Maassen
343 2542 374 2583 I,
400 2543 493 2581 210,-
530 2543 704 2586 Loenz‘ny,
740 2543 1020 2578 ‘Kirchenrecht’
1046 2543 1099 2587 II,
1126 2544 1209 2579 476.
1331 2545 1368 2587 3)
1399 2543 1440 2579 V.
1466 2544 1652 2577 Desiderii

139 2589 292 2625 Cadurc.
318 2600 346 2626 c.
364 2592 430 2626 23:
466 2589 599 2624 Nullus
615 2611 663 2615 —
681 2590 851 2624 habitum
876 2590 1064 2636 religionis
1090 2594 1153 2625 aut
1178 2590 1328 2637 regulae
1354 2590 1554 2625 cenobialis
1578 2590 1650 2626 iter

138 2636 359 2682 intraverat3
394 2640 493 2672 secta
517 2637 737 2673 Columbani
761 2639 891 2683 procul
927 2638 1090 2683 aberant,
1126 2637 1294 2673 instituta
1318 2637 1513 2673 Benedicti
1537 2638 1648 2684 longe

138 2683 334 2722 distabant.
455 2685 493 2731 4)
524 2685 682 2730 Reyulae
714 2688 755 2720 in
786 2687 825 2722 V.
853 2686 1010 2723 Columb.
1036 2687 1069 2730 Ι,
1099 2689 1155 2731 10,
1193 2688 1374 2720 meminit:
1407 2686 1648 2732 regulamque

77 2741 114 2769 40
138 2743 248 2778 quam
273 2735 444 2768 tenerent
469 2732 611 2779 Spiritu
636 2736 762 2768 sancto
787 2734 951 2779 repletus
977 2713 1162 2779 condedit,
1198 2736 1383 2779 ipsamque
1408 2735 1554 2768 eandem
1578 2744 1649 2768 esse

137 2791 245 2825 quam
270 2780 439 2815 habemus
464 2791 543 2815 cum
569 2792 613 2815 ex
638 2782 678 2817 V.
707 2782 861 2818 Columb.
885 2782 916 2825 I,
940 2784 972 2818 5.
1002 2784 1057 2827 16,
1091 2786 1168 2816 tum
1202 2793 1246 2817 επ
1280 2783 1328 2816 iis
1360 2782 1524 2816 concludi
1557 2782 1646 2825 licet,

137 2838 227 2873 quae
251 2830 442 2873 Ayrest-ius
466 2829 512 2865 ib.
537 2829 589 2872 II,
607 2831 641 2872 9,
677 2834 802 2863 contra
830 2830 1042 2864 Columbani
1074 2831 1237 2874 regulam
1272 2830 1392 2864 obiecit
1419 2840 1575 2873 quaeque
1599 2830 1649 2863 ad

137 2876 300 2920 regulam
325 2877 556 2911 coenobialem
580 2888 607 2912 c.
628 2879 660 2913 1.
686 2879 719 2913 3.
746 2882 913 2921 spectant.
1035 2878 1073 2923 5)
1111 2877 1204 2920 Quos
1237 2879 1278 2911 in
1303 2887 1511 2921 unoquoque
1534 2878 1648 2922 capite

137 2923 304 2958 Donatus
328 2925 540 2968 eoepilaverit
565 2925 692 2967 fontes,
718 2926 988 2969 diliyentissime
1013 2927 1238 2969 investigavit
1256 2925 1431 2968 C'ointius,
1456 2925 1552 2964 Ann,
1570 2926 1647 2961 eccl.

75 2980 113 3007 45
137 2971 273 3008 Franc.
300 2972 352 3015 II,
373 2984 412 3017 p.
432 2974 502 3009 758
514 2983 589 3016 sqq.
688 2974 724 3017 6)
747 2973 787 3009 V.
815 2973 969 3007 Columb.
992 2974 1023 3017 I,
1043 2975 1075 3010 5.
1176 2975 1212 3017 7)
1242 2973 1296 3008 Ib.
1323 2973 1376 3017 II,
1396 2974 1429 3009 9.
