2008 3302
409 242 580 290 IONAS,
597 244 761 280 VITAE
786 243 1093 281 OOLUMBANI
1117 244 1263 281 LIBRI
1286 243 1338 283 11.
1559 249 1627 284 109

52 386 65 413 ·,
266 363 400 420 B1f)
440 365 579 410 Codex
606 366 962 410 Parisiensis
992 381 1034 410 n.
1060 370 1175 410 3788
1210 367 1360 418 (antea
1388 366 1499 411 Oolb.
1525 372 1626 422 801,

59 431 63 470 ἶ
123 424 286 481 Regius
317 425 470 485 3393),
503 440 611 470 saec.
642 427 761 481 XII,
793 427 869 480 fol.
900 427 1083 469 8—15‘.
1121 427 1170 469 V.
1195 427 1447 470 Columbani
1477 427 1627 483 imper-

122 484 278 539 fectam
321 485 517 538 continet,
558 485 770 540 incipiens
800 501 828 529 a
859 499 893 529 c.
924 490 962 528 1.
994 487 1299 538 Rutilantem,
1341 487 1539 531 desinens
1577 487 1628 531 in

62 574 63 578 =
123 559 158 589 c.
184 549 255 587 30.
287 546 430 589 vellet
462 548 624 589 contra
656 560 781 602 quos,
814 544 937 598 foliis
960 545 1182 588 nonnullis
1206 546 1446 600 deperditis.
1494 547 1630 590 Liber

54 620 100 654 ,ι
121 617 250 660 quam
280 605 466 648 maxime
489 604 738 648 immutatus
760 605 1119 659 interpolatusque
1148 605 1248 648 item
1280 619 1314 649 c.
1342 610 1412 649 20.
1440 608 1628 650 ululatu

113 677 200 719 pro
231 665 410 708 eiulatu
441 663 606 707 exhibet
636 678 728 708 cum
759 663 884 707 libris
907 664 1272 718 praecedentibus.

264 723 310 766 Β
329 729 346 767 1
354 724 384 778 f
386 721 416 780 ⁸)
449 723 590 768 Codex
609 724 887 767 Romanus
908 723 1178 767 bibliothecae
1201 724 1436 768 Vaticanae
1457 740 1478 768 e
1503 726 1628 769 libris

54 826 57 827 Β
121 783 297 839 reyinae
324 783 575 828 Christinae
599 798 643 826 n.
665 787 764 838 524,
797 797 905 827 saec.
936 783 1056 838 XII,
1082 784 1157 836 fol.
1182 783 1355 839 87‘sqq.
1392 785 1440 827 V.
1467 785 1627 828 C'olum-

122 842 226 887 bani
255 843 410 898 absque
440 843 621 898 epistula
651 843 933 898 laterculoque
972 842 1158 897 capitum
1198 843 1373 898 exhibet,
1406 859 1601 899 praescr.
1614 860 1630 888 .·

20 932 25 964 ,³
79 915 99 947 o
122 903 298 960 Incipit
348 904 550 960 prefatio
601 904 651 945 in
702 904 846 946 vitam
900 904 1050 946 sancti
1098 904 1376 947 Columbani
1428 905 1627 948 abbatis.

58 979 62 986 ⁸
127 963 283 1006 Textus
312 962 484 1006 omnino
516 977 609 1006 eum
641 962 749 1006 libro
771 964 1050 1017 praecedente
1081 963 1296 1006 convenit:

195 1022 236 1078 I,
263 1026 300 1064 1.
334 1023 501 1066 eximio
527 1023 711 1079 fulgore
734 1019 996 1077 micantem]
1032 1037 1070 1066 e.
1093 1024 1321 1066 virtutum
1342 1024 1375 1066 f.
1400 1039 1459 1066 m.
1482 1025 1626 1067 vitam

408 1082 454 1124 B
473 1082 532 1135 1f-
567 1080 632 1137 fn·

219 1141 276 1185 ib.
339 1142 463 1186 alma
486 1143 752 1186 redolerent
774 1143 1028 1198 priscorum
1050 1139 1275 1199 exempla]
1311 1143 1437 1186 clara
1468 1158 1627 1186 eorum

407 1203 665 1245 reniterent
696 1216 734 1245 e.
766 1201 812 1244 B
832 1202 892 1254 lf.
918 1202 979 1254 Γ.

59 1263 65 1295 ἰ
131 1261 290 1304 Versus
319 1275 352 1305 c.
381 1265 422 1303 2.
455 1260 757 1304 desiderantur
787 1275 930 1304 omnes
960 1265 1138 1316 praeter
1168 1261 1362 1316 primum
1403 1266 1442 1304 et
1483 1262 1631 1305 hiatus

120 1321 237 1364 ultra
266 1320 524 1376 producitur
552 1334 684 1375 usque
724 1322 784 1364 ad
821 1321 974 1364 verba:
1012 1322 1358 1365 fecundaretur.
1392 1322 1496 1365 Sed.
1555 1322 1629 1365 Ve-

24 1384 27 1401 ‘
59 1429 61 1432 ¹
120 1379 252 1436 stiyia
281 1380 432 1424 elassis
461 1380 507 1423 Β
537 1380 909 1434 deprehenduntur
937 1380 1064 1423 haec:

195 1440 235 1494 I,
263 1444 300 1483 1.
332 1436 556 1497 plerique]
590 1440 870 1496 plurimique
900 1439 946 1483 Β
965 1440 1039 1493 If*
1073 1454 1167 1483 cum
1196 1440 1243 1483 Β
1261 1444 1330 1483 1α.
1358 1443 1412 1494 2,·

66 1548 69 1549 ⁷
217 1498 273 1543 ib.
335 1496 522 1556 nostris]
556 1501 703 1542 nostri
734 1499 780 1542 Β
799 1505 817 1541 1
825 1499 856 1552 f
857 1496 871 1511 *
905 1514 999 1543 cum
1028 1499 1074 1542 Β
1094 1504 1149 1543 la
1180 1499 1373 1554 aliisque,

67 1585 70 1587 -
122 1563 246 1614 atque
285 1573 379 1603 cum
418 1560 563 1603 eadem
604 1559 710 1603 liber
748 1558 844 1602 hiat
880 1558 931 1602 in
971 1573 1004 1602 c.
1037 1563 1105 1601 17.
1144 1559 1245 1602 Vita
1285 1564 1458 1602 exeunte
1490 1560 1629 1603 Ionae

123 1623 257 1663 textus
307 1619 480 1662 omnino
533 1619 781 1662 immutatus
830 1623 914 1662 est:
968 1619 1234 1675 relinquens
1286 1622 1408 1662 terre
1460 1634 1629 1663 carnea

123 1679 349 1731 membra,
399 1679 498 1722 celo
544 1680 750 1722 reddidit
795 1679 997 1722 animam
1043 1680 1168 1721 XIm⁰
1215 1680 1294 1721 Kl.
1343 1680 1626 1731 Decembris,

30 1741 44 1789 s!
124 1738 309 1782 Christo
333 1739 377 1782 ei
400 1739 639 1782 tribuente
664 1753 747 1795 pro
773 1739 1009 1782 immensis
1035 1740 1299 1782 sanctitatis
1326 1740 1424 1782 eius
1449 1740 1630 1782 meritis

28 1771 98 1847 iss
123 1798 314 1842 celestia,
354 1812 511 1855 regna,
551 1799 630 1854 qui
663 1813 767 1841 cum
801 1799 900 1841 Deo
932 1822 990 1829 ——-
1022 1822 1080 1828 —
1113 1799 1318 1855 Explicit
1348 1799 1447 1841 vita
1478 1799 1630 1842 sancti

29 1855 46 1928 ’Ξ
123 1857 402 1925 Columbani
432 1858 635 1925 {ibbaffiffi
671 1858 725 1911 cf.
760 1858 939 1901 Lawlor
960 1872 1008 1912 p.
1036 1862 1106 1900 51.

32 1962 50 2022 f
265 1917 1068 2034 sslffmgodexscll‘zlvgilioqla‘hensis
1108 1976 1379 2020 bibliothecae
1409 1976 1629 2019 Ambrosi-

33 2042 48 2072 8
123 2051 235 2080 anae
254 2037 300 2079 Β
316 2041 372 2079 55
393 2036 493 2091 inf„
525 2051 633 2080 saec.
660 2036 781 2079 XII.
804 2050 882 2090 ex.,
915 2051 957 2079 a.
984 2040 1112 2079 1601.
1146 2038 1196 2079 de
1221 2036 1404 2091 capitulo
1433 2036 1629 2080 ecclesiae

33 2089 100 2151 5:²00
122 2095 469 2150 metropolitanae
508 2100 680 2150 emptus,
723 2095 792 2139 cui
832 2111 861 2139 a
898 2095 1169 2150 Piccolpasso
1208 2096 1523 2151 archiepiscopo
1564 2095 1627 2150 (a.

39 2159 49 2201 ἐ
127 2157 451 2211 1433—1443)
500 2156 662 2210 leyatus
702 2159 795 2198 erat
808 2155 835 2209 1,
879 2155 995 2198 inter
1039 2155 1153 2198 alias
1199 2160 1442 2198 sanctorum
1487 2155 1630 2199 vitas²

123 2215 198 2268 fol.
238 2219 324 2257 242
343 2239 400 2244 —
418 2216 532 2258 243¹.
593 2216 641 2257 V.
702 2214 954 2259 Columbani
994 2214 1241 2269 particulas
1292 2215 1476 2258 con-tinet
1526 2216 1631 2258 has:

38 2264 53 2318 ἶ
123 2275 261 2318 VIII.
303 2276 523 2318 Decemb.
566 2275 741 2331 Incipit
781 2276 879 2318 vita
920 2276 1070 2318 sancti
1111 2274 1390 2318 Columbani
1431 2276 1627 2318 abbatis.

36 2387 100 2453 ’ξω
122 2398 230 2438 rant
261 2391 318 2451 (I,
342 2391 398 2450 2).
461 2395 532 2438 De
569 2395 781 2450 ingressu
820 2395 919 2438 eius
959 2395 1009 2437 in
1042 2394 1229 2437 Italiam
1272 2396 1331 2437 ad
1363 2395 1632 2451 Agilulfum

123 2468 292 2511 regem.
354 2456 523 2497 Beatus
556 2468 665 2511 ergo
697 2478 756 2483 —
787 2455 951 2497 Amen.
985 2452 1041 2510 (I,
1066 2451 1150 2509 30).

269 2513 518 2568 Scripturae
548 2513 758 2567 specimen
789 2513 904 2556 dedit
934 2514 1112 2557 Lawtor
1143 2514 1226 2557 tab.
1254 2513 1371 2556 XII.

268 2571 466 2627 Inspexit
502 2572 549 2616 Ο.
576 2573 921 2628 Holder-Eyyer
950 2588 988 2615 v.
1022 2575 1062 2616 d.

266 2632 312 2675 Β
331 2629 400 2688 lh)
439 2632 579 2676 Codex
610 2633 886 2676 Lucensis
923 2632 1193 2676 bibliothecae
1225 2632 1403 2687 capituli
1433 2631 1632 2675 ecclesiae

36 2721 43 2743 2
63 2708 100 2737 ιο
123 2691 305 2735 maioris
335 2693 392 2746 A,
435 2706 544 2735 saec.
575 2692 722 2745 XIII,
762 2692 862 2735 olim
894 2691 1046 2735 ‘sancti
1076 2692 1310 2735 Michaelis
1347 2694 1396 2734 de
1434 2691 1627 2744 Guamo',

40 2756 42 2759 ’
123 2751 199 2804 fol.
236 2751 506 2795 174—179¹.
549 2752 598 2794 V.
639 2751 890 2795 Columbani
930 2751 1086 2795 librum
1118 2752 1157 2794 I.
1201 2751 1384 2795 continet
1396 2752 1425 2792 3.
1498 2751 1629 2793 Prae-

126 2869 162 2912 1)
194 2868 247 2911 Cf.
274 2868 424 2903 Lawlor
445 2880 482 2913 p.
503 2869 558 2904 19.
666 2869 702 2912 2)
740 2868 795 2910 Cf.
821 2869 931 2903 Anal.
956 2868 1127 2905 Bolland.
1151 2868 1222 2912 XI,
1245 2879 1284 2913 p.
1303 2869 1383 2903 263.
1506 2868 1544 2912 3)
1571 2866 1630 2909 Cf.

127 2916 261 2952 ‘Ao-oh!
279 2916 371 2960 XII,
390 2928 431 2960 p.
450 2917 531 2952 708.

37 2332 57 2381 ζ’,
123 2335 415 2378 Rutilantem
451 2358 503 2363 —
537 2349 752 2378 coronam
784 2333 840 2388 (I,
868 2331 920 2388 1).
977 2335 1129 2377 Natus
1162 2349 1270 2390 ergo
1305 2336 1379 2378 hic
1411 2358 1470 2364 —
1500 2336 1631 2378 robo-
1709 2383 1712 2386 ,
