2008 3302
13 560 22 624 i

417 260 585 307 IONAS,
602 260 768 298 VITAE
794 260 1102 298 COLUMBANI
1126 260 1271 298 LIBRI
1294 261 1347 298 ΙΙ.
1590 265 1636 299 57

129 388 175 428 ut
207 389 349 436 facere
380 397 467 426 non
490 383 667 438 possim,
700 383 807 438 quin
837 383 972 427 eidem
996 383 1164 427 auctori
1192 388 1231 427 et
1254 383 1365 428 illud
1389 383 1634 427 attribuam.

137 442 240 488 Oum
272 443 452 498 denique
481 443 532 486 in
563 443 684 486 tertio
708 443 883 486 virtutes
907 443 970 486 ita
997 447 1309 498 enumerentur,
1341 443 1452 487 sicut
1475 443 1523 486 in
1547 443 1636 487 vita

128 502 226 559 ipsa
256 503 416 546 relatae
447 507 557 556 sunt,
599 517 686 546 non
717 506 788 556 est,
832 517 909 546 cur
940 502 1278 557 praescriptioni
1317 503 1449 546 unius
1480 502 1637 547 codicis

127 561 174 606 B
193 563 244 606 lb
283 562 551 616 diffidamus,
591 562 751 606 scilicet
790 577 883 606 eam
922 562 1242 606 transmittendi
1280 562 1416 616 fuisse
1447 578 1633 617 causam,

11 626 16 667 ἓ
78 636 97 665 ⁶
127 622 241 678 quod
268 621 319 665 in
340 623 621 677 praecedente
652 626 800 665 auctor
830 636 904 665 eas
926 621 1234 676 praeteriisset.

271 694 420 737 Sermo
441 693 578 736 Ionae
599 694 802 747 quomodo
823 707 874 736 ex
895 693 1109 737 vocabulis
1132 693 1395 748 floribusque
1415 699 1635 737 auctorum

127 752 400 797 classicorum
424 753 676 808 compositus
696 753 763 807 sit,
791 753 880 796 alio
901 754 987 796 loco
1008 754 1183 807 exposui
1197 754 1224 794 ¹.
1277 753 1427 796 Etiam
1455 754 1636 797 Graecis

125 812 339 856 vocabulis
388 812 609 856 nonnullis
658 813 854 855 utebatur
901 810 956 864 (e.
998 827 1064 867 qr.
1113 814 1286 870 agapis,
1341 814 1536 868 reuma),
1589 818 1636 857 ut

125 886 250 916 suam
269 886 397 927 quam
418 886 585 927 operose
605 877 756 916 nactus
776 876 871 916 erat
890 877 1117 915 ostentaret
1135 873 1358 916 scientiam
1379 873 1632 916 litterarum.

8 923 10 925 ¹
67 947 103 974 10
125 931 188 975 In
214 932 512 987 grammaticis
542 937 683 976 autem
710 947 872 987 parum
903 932 1155 976 exercitatus
1186 937 1290 986 erat,
1323 933 1492 987 ipseque
1522 933 1635 977 vitae

125 991 427 1036 describendae
456 991 666 1046 imparem
697 1007 740 1035 se
771 992 821 1035 in
861 992 1042 1047 epistula
1074 992 1261 1046 praevia
1301 993 1520 1046 confessus
1559 993 1633 1036 im-

116 1050 326 1106 peritiam
375 1052 531 1106 eloquii
581 1052 650 1095 sui
701 1052 918 1096 eaecusavit
967 1066 1100 1106 neque
1147 1052 1374 1096 ‘doctorum
1418 1053 1634 1107 ,qressi‘bus

126 1111 366 1166 coaequari'
398 1111 540 1166 voluit,
583 1111 674 1155 nisi
710 1112 822 1165 forte
863 1112 943 1155 hae
974 1111 1169 1166 aliaeque
1198 1112 1427 1156 modestiae
1458 1117 1632 1156 ostenta-

125 1169 261 1214 tiones
291 1171 438 1226 potius
468 1173 528 1215 ad
557 1172 704 1215 laudes
735 1172 986 1215 excitandas
1015 1172 1270 1226 spectabant.
1335 1173 1435 1215 Iam
1466 1187 1633 1216 consue-

7 1223 9 1225 *
66 1249 101 1276 ιο
125 1230 290 1275 tudinis
328 1245 456 1286 quam
496 1231 675 1275 habebat
712 1231 927 1275 scribendi
967 1233 1155 1286 exempla
1185 1233 1395 1275 nonnulla
1426 1232 1634 1285 afferam:

185 1290 423 1334 activum
446 1296 566 1345 part.
599 1291 740 1344 futuri
771 1292 858 1335 loco
882 1291 1053 1345 passivi
1073 1291 1256 1346 passim,

185 1363 346 1394 casus
375 1365 463 1394 non
494 1355 601 1394 recte
632 1351 828 1404 adhibiti,
862 1350 1021 1394 scilicet

283 1425 369 1454 acc.
411 1411 498 1454 loco
544 1412 630 1454 dat.
669 1415 771 1465 post
816 1412 1074 1462 detrahere,
1114 1412 1355 1468 imperare,
1398 1412 1629 1464 oboedire,

413 1471 687 1526 persolvere,
721 1472 927 1521 suadere,
962 1471 1233 1523 valedicere,

64 1545 101 1574 so
282 1530 370 1574 dat.
411 1530 499 1573 loco
529 1545 683 1585 praep.
716 1531 774 1573 ab
808 1535 908 1585 post
936 1532 1200 1587 impetrare,
1243 1546 1443 1588 poscere,
1478 1535 1631 1588 postu-

411 1591 521 1642 lare,
555 1592 746 1646 precari,

274 1664 370 1704 qen.
410 1650 499 1693 loco
530 1651 611 1694 abl.
637 1654 739 1706 post
769 1651 931 1701 ditare,
967 1651 1160 1707 privare,

273 1724 369 1765 qen.
411 1710 498 1754 loco
529 1711 616 1754 dat.
650 1714 749 1764 post
777 1714 952 1767 gratus,
994 1711 1279 1767 incongruus
1316 1715 1355 1754 et
1383 1716 1484 1766 post
1522 1714 1629 1755 adu-

409 1784 535 1822 nare,
564 1772 899 1823 commendare,
926 1771 1140 1822 inserere,
1163 1771 1369 1827 iungere,
1393 1773 1627 1828 praebere,

63 1843 99 1871 ιο
410 1832 641 1886 prodesse,
674 1831 924 1883 subiacere,

183 1889 393 1944 coniuy.
427 1894 468 1932 3.
491 1904 639 1945 praes.
667 1895 747 1933 act.
772 1904 855 1945 per
881 1893 994 1934 -entz
1022 1892 1259 1942 accedent,
1288 1892 1427 1943 aient,
1453 1895 1629 1935 annent

339 1947 418 2002 (=
435 1949 667 2005 annuunt),
691 1951 970 2007 conpellent,
989 1951 1160 2002 dicent,
1183 1951 1402 2001 incolent,
1422 1957 1627 2008 poscent,

338 2013 654 2067 prorumpent,
681 2009 876 2064 aliaeque
900 2010 1229 2064 inaequalitates
1254 2012 1436 2054 deferte
1464 2009 1542 2063 (=
1564 2013 1629 2054 de-

337 2069 459 2125 lato),
492 2071 832 2113 meminisceret
871 2074 909 2113 et
947 2070 1142 2124 imperat.
1182 2071 1512 2121 meminiscere,
1554 2072 1628 2115 ob-

63 2141 98 2169 eo
338 2132 519 2180 stasset,
552 2130 807 2180 recollexit,
842 2134 990 2184 cetera,

182 2189 621 2232 constructionis
667 2190 728 2232 ad
776 2203 946 2232 sensum
992 2203 1345 2244 numerorumque
1396 2190 1628 2245 imparium

336 2263 440 2291 usus
470 2249 682 2303 frequens,

182 2307 311 2352 decl.
340 2311 381 2349 4.
413 2309 500 2351 dat.
533 2308 644 2362 sinq.
679 2324 733 2351 -u
764 2323 879 2352 more
910 2308 1110 2363 antiquo:
1146 2324 1281 2362 nexu,
1320 2314 1472 2366 portu,
1509 2311 1627 2362 sinu,

337 2367 667 2411 indeclinabilia
718 2369 787 2412 sol
841 2366 896 2421 (e.
940 2383 1007 2423 qr.
1055 2369 1123 2412 sol
1172 2369 1512 2424 occumbente),
1559 2371 1630 2413 vir

62 2440 99 2468 ιο
338 2425 418 2481 (=
450 2427 549 2481 viri,
581 2428 734 2482 virum,
768 2443 796 2470 a
827 2428 955 2483 viro),

179 2500 383 2541 yenera
406 2487 576 2541 passim
607 2487 721 2531 inter
752 2503 795 2531 se
818 2492 1064 2543 permutata

341 2557 380 2614 1)
411 2573 541 2602 masc.
557 2570 642 2614 pro
658 2560 782 2613 fem..·
803 2561 1061 2617 aegritudo,
1080 2561 1229 2613 arbor,
1248 2563 1425 2614 cohors,
1445 2576 1627 2618 conpes,

409 2617 666 2673 (h)eremus,
706 2621 849 2672 frons,
893 2635 1019 2676 gens,
1060 2622 1203 2672 natio,
1247 2636 1342 2678 ops,
1385 2622 1529 2664 salivo
1566 2622 1630 2664 vel

409 2679 557 2722 salibo
589 2680 670 2722 abl.
706 2678 786 2734 (τε
817 2680 994 2736 saliva),
1028 2682 1242 2736 synodus,
1275 2682 1418 2732 trabs,
1451 2681 1576 2733 villa,

9 2787 13 2806 Ξ
61 2762 98 2789 ω
337 2748 380 2805 2)
410 2764 540 2794 masc.
564 2765 650 2805 pro
675 2756 838 2794 neutr..·
869 2753 1138 2803 curriculus,
1172 2753 1366 2804 furtum,
1397 2753 1628 2809 legumen-

408 2813 523 2862 tum,
546 2811 718 2862 lumen,
738 2813 1028 2868 margaritus,
1051 2812 1258 2863 meritus,
1281 2813 1626 2864 monasterium,

124 2938 159 2982 1)
186 2938 317 2977 ‘Meua
343 2938 404 2974 des
427 2939 598 2973 Instituta
622 2939 690 2982 fiir
714 2941 914 2976 osterreich.
944 2940 1295 2984 Geschichtsforsch!
1316 2941 1423 2985 XIV,
1440 2942 1523 2977 437.
