2008 3302
1976 0 2003 136 ξ

1980 137 1996 185 ὃ

408 258 453 293 78
693 254 860 298 IONAS,
878 252 1040 290 VITAE
1068 251 1375 288 OOLUMBANI
1399 250 1544 287 LIBRI
1569 251 1621 288 II.
1982 267 2004 327 ξ

1984 331 1994 350 ³

550 375 679 431 Alf)
720 375 858 418 Codex
885 375 921 418 S
929 389 997 417 an
1005 374 1122 428 yall
1131 373 1282 416 ensis
1308 373 1476 416 archivi
1500 373 1757 417 coenobialis
1787 388 1831 417 n.
1859 378 1911 416 12
1984 374 2001 421 ἰ,

408 435 509 491 (26),
551 450 659 478 saec.
690 435 807 488 XII,
850 433 951 476 olim
990 432 1290 487 Fabariensis,
1332 433 1406 486 fol.
1435 431 1535 475 1‘—
1547 433 1632 475 34¹.
1664 433 1714 476 V
1754 432 1913 476 Colum-

409 495 512 539 bani
552 510 643 538 una
684 508 778 537 cum
818 492 1093 544 carminibus,
1135 492 1209 545 fol.
1245 495 1374 534 34‘—
1387 492 1474 534 40‘.
1512 492 1561 536 V.
1594 491 1792 536 Eustasii
1825 490 1912 546 (II,
1988 490 1989 493 ’

411 559 497 597 7——
438 554 575 609 ——10)
603 554 797 607 continet,
830 567 938 607 quae
962 552 1084 605 foliis
1109 551 1339 606 deperditis
1363 551 1515 595 mutila
1544 551 1594 595 in
1624 551 1788 595 verbis:
1818 566 1915 609 per-

409 616 592 666 mixtim
636 614 759 669 quod
797 613 1005 669 quamvis
1034 611 1040 667 Ι
1068 611 1236 666 desinit,
1278 613 1550 665 subsequente
1582 610 1679 665 (fol.
1704 615 1821 654 41—
1833 610 1913 666 87)
1939 627 1968 654 5

418 675 468 717 V.
498 649 619 717 Galli
639 677 808 716 auctore
833 671 1124 724 Walahfrida
1169 646 1404 714 Librarius
1425 672 1586 714 duobus
1605 670 1916 737 eoeemplaribus

408 748 511 776 usus
548 737 619 787 est,
661 746 769 787 quae
808 731 952 775 multis
992 731 1131 774 verbis
1169 730 1335 773 omissis
1374 730 1424 773 in
1464 731 1584 774 breve
1623 729 1756 786 coeyit
1793 734 1916 785 atque

409 807 485 836 suo
516 792 698 836 arbitrio
729 791 982 834 immutavit.
1035 790 1186 833 Primo
1211 790 1325 832 enim
1350 794 1484 833 textus
1509 804 1603 833 cum
1627 789 1751 833 libris
1770 790 1816 833 A
1830 787 1914 834 la*.
1996 772 2008 815 ὲ

410 850 470 895 α’*
502 852 730 905 manifesto
761 850 894 904 facit:

469 912 558 967 Ep.
625 914 875 966 uhcumque
898 906 1142 966 quivimus]
1172 913 1311 966 proub
1337 910 1573 965 potuimus
1594 909 1639 952 A
1661 909 1733 963 1f;
1763 911 1917 966 proub-
1943 925 1978 952 ιο

699 985 894 1025 cumque
926 985 968 1025 q.
1002 969 1046 1011 A
1067 969 1155 1023 la*,·

626 1027 830 1085 rebatur]
865 1030 1140 1086 reprobatur
1171 1028 1215 1070 A
1236 1028 1292 1080 lf
1315 1042 1407 1071 cum
1438 1031 1482 1070 A
1504 1026 1592 1082 la*;

628 1086 884 1144 exuberari]
920 1089 1163 1144 exuperari
1193 1087 1237 1130 A
1259 1088 1314 1140 lf
1337 1102 1430 1130 cum
1460 1087 1504 1129 A
1522 1087 1611 1142 la*;
1997 1074 2008 1124 3

628 1150 686 1192 ad
709 1145 909 1204 partum]
935 1149 994 1190 ad
1017 1150 1313 1203 apporiatum
1332 1147 1375 1189 A
1392 1147 1464 1201 lf,·
1489 1148 1548 1190 ad
1570 1149 1756 1203 porbum
1772 1143 1919 1200 Ala*,·
1992 1132 2008 1232 ξ

471 1210 571 1251 Lat.
595 1223 686 1262 cap.
707 1221 900 1261 praescr.
925 1204 1077 1263 primi]
1103 1207 1337 1263 sequentis
1359 1206 1472 1259 Alf
1485 1221 1579 1250 cum
1599 1205 1746 1250 Ala**
1746 1220 1764 1261 ,·
1944 1222 1979 1248 15
2006 1234 2008 1239 -

471 1269 526 1311 ib.
550 1269 649 1311 add.
673 1269 823 1310 XXX.
858 1268 929 1310 De
955 1268 1166 1322 ingressu
1191 1267 1361 1310 Italiae
1388 1269 1435 1310 ei]
1459 1266 1760 1310 renovatione
1782 1266 1919 1309 Bobii
1996 1242 2008 1299 Ζ·

629 1331 676 1371 ei:
709 1328 837 1371 exitu
869 1328 966 1370 eius
998 1326 1041 1368 A
1062 1327 1129 1380 If.
1128 1341 1135 1348 ·
1998 1302 2008 1371 i

482 1388 522 1441 Ι,
551 1392 587 1429 1.
619 1401 812 1441 praescr.
846 1387 1082 1430 Praefatio
1114 1386 1223 1428 libri
1254 1387 1488 1441 sequentis
1519 1385 1634 1437 Alf
1656 1399 1747 1428 cum
1774 1383 1921 1439 Ala*;
1994 1390 2008 1493 Ξ

483 1448 523 1501 I,
548 1451 588 1488 2.
628 1443 794 1502 colore]
829 1461 907 1488 om.
941 1446 984 1487 A
1009 1445 1065 1498 lf
1088 1459 1181 1488 cum
1211 1445 1254 1487 A
1280 1443 1369 1499 la*,·

509 1482 566 1549 ib.
629 1520 819 1562 spumea
852 1507 1024 1548 cedun‘c
1056 1508 1103 1548 et
1134 1506 1286 1556 litora,
1321 1501 1462 1560 sinus]
1497 1519 1659 1562 spume
1691 1505 1920 1548 accedunt
1944 1519 1981 1546 20

702 1567 760 1608 ad
792 1566 944 1608 litora.
998 1565 1135 1607 Sinus
1168 1566 1291 1607 enim
1322 1565 1365 1606 A
1387 1564 1442 1617 lf
1464 1578 1558 1607 cum
1588 1563 1632 1606 A
1653 1561 1741 1618 la*,·

509 1626 566 1668 ib.
630 1622 792 1681 mater]
827 1626 1011 1681 prodire
1044 1625 1143 1667 add.
1176 1622 1219 1664 A
1240 1624 1295 1676 lf
1317 1638 1410 1667 cum
1441 1623 1485 1666 A
1504 1620 1587 1667 la*.
1620 1623 1688 1666 a**

417 1684 638 1728 Paulatim
667 1699 765 1727 vero
797 1684 986 1727 condicio
1023 1683 1125 1727 libri
1155 1683 1275 1726 haud
1302 1683 1570 1726 mediocriter
1600 1682 1826 1727 dissentire
1856 1682 1921 1726 in-

417 1744 524 1800 cipit
552 1759 581 1787 a
612 1744 763 1798 priore
795 1749 922 1798 parte
962 1748 1086 1797 atque
1126 1743 1319 1786 clausula
1358 1742 1492 1798 capiti
1527 1747 1595 1785 17.
1627 1744 1798 1786 adnexa
1828 1756 1926 1786 cum*
1994 1752 1996 1754 ’

418 1805 550 1847 classe
580 1804 693 1847 Alb
726 1803 919 1846 convenit
948 1817 1080 1857 neque
1111 1817 1204 1846 cum
1234 1803 1394 1846 duobus
1425 1816 1527 1856 quos
1557 1802 1652 1845 dixi
1683 1801 1832 1846 libris:
1946 1817 1982 1844 2⁶

632 1864 703 1906 De
736 1878 789 1907 eo
821 1864 945 1919 quod
977 1864 1153 1906 bestiae
1186 1862 1306 1915 Alf
1329 1876 1422 1905 cum
1452 1862 1496 1904 A
1516 1862 1578 1916 lb,

415 1927 617 1977 tantaque
655 1922 769 1965 inter
803 1927 1026 1976 utrumque
1065 1922 1263 1977 deinceps
1301 1920 1525 1964 intercedit
1563 1921 1835 1975 necessitudo,
1876 1925 1923 1964 ut
2002 1934 2008 1941 ·

415 1997 448 2026 e.
479 1997 543 2039 qr.
579 1982 786 2026 carminis
808 1982 977 2036 prioris
999 1996 1163 2025 versum
1187 1985 1258 2023 24.
1281 1981 1400 2034 Alf
1422 1995 1515 2024 cum
1547 1982 1687 2024 eodem
1718 1980 1920 2024 omiserit.
2000 1973 2008 2041 ἦ

420 2043 574 2085 Textus
606 2042 655 2085 V.
678 2041 879 2085 Eustasii
912 2039 1120 2096 (praescr.
1132 2056 1146 2084 .·
1176 2042 1352 2097 Incipit
1383 2042 1480 2084 vita
1512 2042 1662 2083 sancii
1693 2039 1920 2094 Eustasii)
2004 2047 2008 2089 ’ζ

414 2116 547 2156 neque
577 2102 627 2145 in
653 2101 796 2156 capita
817 2101 981 2145 divisus
1003 2105 1063 2144 est
1082 2114 1214 2155 neque
1237 2100 1652 2155 praescriptionibus
1681 2099 1919 2143 distinctus.
1945 2115 1981 2141 80
2004 2120 2008 2139 ι

558 2162 692 2217 Α19)
732 2161 872 2205 Codex
909 2160 1384 2216 Guelferbytanus
1413 2160 1527 2203 inter
1557 2158 1922 2203 Helmstadienses
2004 2144 2008 2196 ἶ

415 2237 457 2264 n.
483 2222 611 2275 3221,
645 2236 753 2264 saec.
783 2221 889 2274 XV,
922 2221 998 2273 fol.
1024 2225 1252 2274 95—118,
1282 2224 1325 2263 V.
1367 2218 1619 2263 Columbani
1649 2219 1806 2262 librum
1827 2218 1920 2273 pri-
2001 2225 2008 2279 j

416 2295 529 2323 orem
560 2283 715 2334 absque
745 2280 926 2334 epistula
957 2280 1122 2323 eoehibet
1150 2294 1282 2334 neque
1313 2293 1410 2322 vero
1434 2283 1590 2322 textum
1613 2292 1786 2333 purum,
1818 2292 1922 2322 nam
2000 2278 2008 2335 ’ξ

414 2340 464 2383 in
487 2340 637 2394 priore
660 2344 788 2394 parte
810 2341 1059 2394 plerumque
1091 2354 1184 2382 cum
1215 2342 1259 2382 A
1281 2341 1336 2382 ld
1364 2338 1496 2392 facit:

476 2414 509 2442 c.
532 2404 599 2441 16.
633 2414 741 2442 suco
759 2396 1050 2455 equoquitur]
1070 2401 1191 2442 sucis
1210 2400 1482 2454 decoquitur
1498 2399 1542 2440 A
1556 2403 1606 2452 19
1623 2412 1716 2441 cum
1732 2397 1775 2439 A
1790 2397 1852 2440 ld.
1873 2401 1918 2449 2;
1946 2411 1980 2438 ³5

515 2458 570 2501 ib.
634 2460 775 2502 meati
815 2459 864 2500 in
906 2455 1096 2514 tiprum]
1140 2459 1329 2501 meatim
1370 2459 1418 2500 in
1459 2458 1634 2513 tiprum
1672 2457 1711 2499 A
1738 2461 1787 2511 19
1827 2471 1921 2500 cum

417 2591 592 2632 quocum
633 2592 665 2620 c.
694 2581 760 2619 17.
793 2552 966 2620 ecceuiite
1007 2581 1203 2620 accurate
1243 2576 1444 2630 convenit,
1487 2590 1619 2630 neque
1657 2589 1755 2618 vero
1793 2577 1921 2618 verba
2006 2579 2008 2612 ἱ

418 2652 450 2681 c.
476 2642 524 2680 2:
559 2640 607 2680 eb
629 2661 687 2666 -—
707 2638 894 2679 umbras
926 2636 987 2679 ibi
1018 2635 1280 2690 transposita
1309 2641 1419 2690 sunt,
1452 2635 1562 2679 sicut
1590 2635 1639 2678 in
1670 2634 1793 2678 libris
1823 2635 1867 2677 A
1882 2639 1918 2688 1,

418 2701 542 2751 atque
582 2696 656 2751 qui
694 2696 802 2739 mihi
832 2700 1012 2752 praesto
1052 2700 1113 2739 est
1151 2699 1286 2738 textus
1317 2710 1351 2739 c.
1379 2699 1448 2738 22.
1482 2695 1716 2748 manifesta
1747 2694 1920 2738 necessi·
1944 2709 1981 2736 ιο

418 2756 562 2800 tudine
593 2771 686 2800 cum
717 2757 761 2799 A
783 2761 807 2798 3
842 2755 1090 2799 coniunctus
1121 2759 1204 2798 est:

632 2812 776 2872 furbo]
810 2816 974 2858 furizim
1006 2816 1050 2857 A
1070 2819 1121 2870 19
1153 2829 1246 2858 cum
1277 2815 1320 2857 A
1338 2819 1385 2867 3;

420 2946 455 2989 1)
485 2946 586 2979 Inter
609 2947 794 2979 universos
818 2945 1046 2979 bibliothecae
1076 2944 1206 2978 codices
1239 2955 1274 2980 n.
1301 2945 1383 2980 357.
1409 2944 1597 2978 distinctus
1629 2946 1704 2984 est,·
1737 2942 1786 2984 cf.
1813 2942 1852 2979 0.
1878 2941 1919 2976 do
1999 2947 2008 2971 ἰ

417 2993 653 3037 Heinemann,
683 2994 762 3027 ‘Die
786 2993 871 3028 Hss.
897 2993 961 3026 der
986 2992 1187 3027 Bibliothelc
1212 3002 1258 3025 zu
1283 2991 1541 3035 Wolfenbu'ttel'
1560 2991 1591 3033 I,
1611 2993 1644 3034 1,
1667 3002 1705 3035 p.
1724 2991 1805 3026 266.
