2008 3302
461 288 630 335 IONAS,
648 289 812 326 VITAE
837 289 1143 326 GOLUMBANI
1168 290 1315 327 LIBRI
1338 290 1391 328 ΙΙ.
1637 295 1682 330 59

182 410 440 454 Columbano
455 411 681 466 disputans
696 410 751 464 (I
758 413 805 466 V,
823 413 900 467 36)
919 411 1021 455 libri
1033 412 1203 467 prioris
1223 427 1256 456 c.
1276 417 1462 456 18—20.
1480 428 1683 468 maynam

165 474 335 526 partem
367 472 428 514 ad
455 472 626 514 verbum
656 472 891 527 exscripsit.
949 472 1040 516 Hic
1070 477 1210 516 autem
1241 473 1349 516 liber
1379 477 1426 516 ut
1455 478 1555 517 ante
1585 474 1683 517 alte·

91 552 93 554 ·
173 543 270 573 rum
300 531 516 573 absolutus
547 530 604 574 sit
633 546 796 575 necesse
827 536 897 585 est,
939 531 1003 574 ita
1033 545 1221 575 seorsum
1252 532 1391 576 editus
1421 547 1508 576 esse
1531 538 1681 588 potest.

174 589 290 632 Eum
338 589 389 632 in
439 590 583 644 capita
635 591 772 634 Ionas
825 590 934 634 satis
984 592 1248 646 neyleqenter
1298 592 1522 647 diviserat,
1580 608 1683 637 nam

11 693 14 700 -
52 659 57 686 ζ
131 662 150 690 ο
173 649 402 692 laterculus
452 650 637 704 capitum
679 650 1122 705 praesa-iption-esque
1172 651 1325 694 iisdem
1371 653 1537 696 mendis
1584 667 1683 708 yra-

173 708 362 752 vissimis
390 708 622 764 inquinata
653 714 764 754 sunt.
817 710 970 764 Itaque
1001 711 1062 753 ad
1087 710 1268 754 Sinilem
1298 713 1489 755 abbatem
1523 713 1683 756 Colum-

173 769 331 812 banum
362 768 585 812 advenisse
615 770 665 813 in
696 769 816 813 titulo
847 785 881 814 c.
905 774 946 812 4.
979 770 1202 825 contendit,
1246 773 1347 814 dum
1379 772 1530 827 potius
1568 772 1683 816 Com-

172 828 339 883 moyelli
369 842 520 872 nomen
546 828 594 872 in
619 833 734 873 textu
758 829 925 884 leyitur,
958 854 1016 860 ——
1047 829 1097 873 in
1129 835 1255 884 caput
1283 831 1398 873 enim
1421 834 1684 885 praecedens

173 889 461 942 aberra-verat,
510 913 567 918 --
613 889 888 944 ultimumque
934 904 968 933 c.
1003 894 1072 933 30.
1122 890 1294 933 omnino
1338 892 1684 945 praetermisisse

8 940 10 943 ’
38 971 42 995 ;
114 964 150 990 ιο
172 947 350 1002 videtur,
392 962 485 991 cum
526 948 696 992 diversa
736 948 784 992 in
815 949 1000 1004 sinyulis
1030 949 1242 993 codicibus
1278 951 1550 1006 praescripta
1581 951 1681 995 sint.

172 1006 242 1050 De
277 1009 364 1061 fide
399 1022 497 1051 vero
528 1009 724 1052 laterculi
764 1009 956 1053 dubitari
995 1009 1070 1052 vix
1109 1009 1214 1062 licet,
1257 1025 1350 1053 cum
1391 1010 1430 1054 is
1470 1025 1591 1066 quem
1632 1013 1681 1055 V.

173 1067 390 1111 Iohannis
422 1068 559 1111 Ionas
593 1069 824 1124 praemisit
861 1071 1002 1112 eodem
1043 1069 1214 1113 dicendi
1247 1084 1401 1124 yenere
1432 1071 1684 1127 compositus

173 1126 242 1170 sit.
314 1127 512 1182 Denique
559 1128 755 1172 carmina
795 1143 903 1183 quae
945 1129 1102 1172 librum
1140 1129 1333 1183 primum
1373 1131 1684 1185 subsequuntur

172 1187 395 1230 monachis
434 1192 510 1230 aut
548 1188 835 1232 Bobiensibus
875 1193 951 1232 aut
989 1189 1331 1233 Luoeooiensibus
1377 1195 1453 1233 aut
1492 1191 1684 1246 utrisque

114 1262 148 1288 ιε
171 1260 385 1301 unumque
419 1252 519 1303 post
547 1249 728 1291 alterum
759 1250 812 1291 ab
844 1253 1013 1292 auctore
1044 1249 1302 1292 transmissa
1333 1265 1431 1304 esse,
1471 1265 1522 1293 ex
1552 1265 1683 1306 prae·

171 1305 474 1360 scriptionibus
505 1307 662 1351 codicis
691 1308 738 1350 B
764 1309 811 1351 lb
844 1308 1069 1362 colliyitur.

321 1367 470 1409 Totum
499 1367 636 1410 Ionae
667 1381 773 1423 opus
804 1368 923 1411 haud
951 1368 1074 1411 multi
1105 1369 1267 1412 codices
1298 1370 1495 1412 exhibent
1524 1371 1682 1414 nullus-

172 1439 251 1480 que
280 1425 357 1480 ita,
389 1430 438 1478 ut
466 1431 614 1469 auctor
637 1427 750 1470 illud
771 1427 1050 1482 disposuerat,
1084 1429 1245 1471 duobus
1270 1428 1395 1472 libris
1420 1429 1680 1473 distinctum.

182 1484 283 1528 Vita
328 1485 580 1529 Columbani
619 1486 669 1529 in
701 1487 909 1541 plurimis
949 1487 1160 1531 codicibus
1203 1488 1353 1542 optime
1393 1489 1558 1532 tradita
1598 1495 1684 1545 est,·

8 1531 15 1560 3
34 1562 42 1604 J
112 1559 148 1587 ιο
172 1545 353 1588 alterum
374 1549 513 1589 autem
534 1546 690 1589 librum
715 1547 849 1601 pauci
868 1551 1034 1590 tantum
1060 1548 1298 1603 perfectum
1325 1549 1542 1592 continent
1567 1549 1682 1604 iique

23 2470 26 2479 ,„
9 2306 37 2456 &Oai-‘JV
17 2241 33 2281 -,·-“
23 2168 26 2170 ⁴

167 1604 372 1660 proxima
403 1605 622 1659 affinitate
651 1606 766 1649 inter
795 1621 839 1650 se
882 1607 1098 1651 coniuncti
1129 1609 1182 1651 ab
1214 1608 1333 1651 haud
1361 1608 1425 1651 ita
1456 1609 1683 1664 multiplici

173 1664 340 1719 oriyine
370 1665 455 1708 orti
493 1665 693 1709 videntur
723 1681 822 1710 esse.
885 1666 1005 1710 Huic
1043 1667 1151 1710 libro
1192 1668 1354 1723 inteyre
1394 1671 1682 1712 conservando

171 1723 220 1767 id
249 1724 455 1768 obstitisse
475 1725 719 1780 existimem,
752 1728 864 1781 quod
893 1741 962 1770 res
993 1742 1021 1770 a
1046 1728 1330 1782 compluribus
1357 1729 1520 1772 sanctis
1541 1734 1683 1783 ‚aestas

171 1783 464 1839 miraculaque
495 1785 678 1829 diversis
702 1786 805 1829 locis
828 1791 1011 1841 patrata
1032 1787 1081 1830 in
1102 1787 1195 1841 ipso
1217 1788 1500 1831 coniunxerat
1519 1794 1679 1832 auctor.

112 1858 148 1886 ιο
172 1843 247 1886 Ita
277 1843 390 1888 enim
411 1845 574 1898 factum
595 1850 666 1900 est,
699 1850 747 1888 ut
765 1861 886 1900 quem
907 1847 1083 1901 quisque
1103 1847 1289 1891 maxime
1311 1849 1468 1891 colebat
1487 1854 1681 1892 sanctum

171 1917 265 1946 eum
284 1903 370 1947 sibi
389 1904 560 1959 eliyeret
578 1905 854 1960 sinyulasque
873 1911 1118 1950 sanctorum
1145 1907 1277 1961 Vitas,
1301 1908 1460 1951 scilicet
1478 1908 1676 1964 Athalae,

171 1963 384 2018 Eustasii,
417 1964 799 2020 Buryundofarae,
832 1967 897 2009 vel
930 1967 1076 2020 potius
1106 1967 1320 2010 miracu-la
1352 1968 1678 2024 Evoriacensia,

170 2022 372 2078 Bertulfi,
406 2023 583 2067 librarii
612 2039 801 2068 seorsum
832 2026 1125 2081 describerent,
1163 2027 1364 2070 dissoluto
1396 2027 1517 2070 libro.
1581 2029 1681 2071 Vita

171 2083 351 2138 denique
388 2083 641 2128 Columbani
671 2085 1013 2129 retractationem
1054 2086 1184 2129 subiit
1220 2088 1360 2141 levem,
1402 2089 1514 2130 unde
1555 2087 1681 2131 binae

112 2157 148 2184 ω
172 2142 359 2186 codicum
407 2144 562 2187 classes
607 2144 934 2199 distinyuendae
980 2150 1099 2200 sunt,
1153 2151 1486 2201 retractataeque
1533 2148 1680 2201 optimi

171 2203 290 2256 apud
308 2203 446 2246 Italos
466 2209 756 2247 asservantur.
816 2205 989 2248 Codices
1019 2205 1083 2248 ita
1115 2206 1333 2260 descripsi,
1366 2211 1413 2249 ut
1435 2221 1543 2261 quae
1568 2207 1682 2251 inter

171 2261 362 2316 sinyulos
406 2262 738 2318 uniuscuiusque
776 2264 927 2308 classis
967 2265 1227 2308 necessitudo
1267 2266 1542 2310 intercederet
1583 2282 1681 2310 mox

171 2320 472 2376 inquireretur,
515 2325 615 2366 dum
655 2325 706 2366 de
748 2324 916 2367 ratione
947 2329 1070 2379 atque
1100 2325 1350 2369 auctoritate
1381 2326 1583 2369 classium
1615 2329 1680 2371 de-

171 2381 344 2436 scriptis
374 2381 499 2425 libris
529 2382 705 2426 dissero.

314 2441 477 2484 Eodem
516 2443 608 2495 fere
647 2447 828 2498 tempore
868 2458 949 2499 quo
988 2444 1157 2499 utrique
1198 2446 1245 2488 V.
1286 2444 1540 2490 Columbani
1571 2447 1679 2491 libro

171 2502 424 2544 recensendo
464 2516 635 2556 operam
675 2504 874 2547 dederam
904 2504 1037 2547 solius
1069 2504 1239 2559 prioris
1284 2507 1446 2549 codices
1491 2506 1540 2550 in
1583 2507 1679 2561 ipsa

170 2561 309 2603 sancti
342 2561 495 2615 patria
535 2562 800 2617 colliyendos,
842 2564 1174 2617 eoeaminandos,
1210 2565 1461 2620 diyerendos
1500 2567 1682 2621 suscepit

171 2620 232 2663 H.
277 2621 325 2664 J.
371 2621 550 2664 Lawlor
593 2622 663 2665 vir
706 2623 988 2678 doctissimus,
1037 2639 1163 2679 aeyre
1208 2626 1371 2679 ferens,
1420 2626 1679 2669 celeberrimi

163 2680 392 2734 popularis
429 2681 499 2724 sui
539 2695 609 2725 res
643 2687 783 2736 qestas
822 2684 1011 2726 nondum
1051 2685 1111 2727 ad
1147 2685 1286 2738 fontes
1326 2685 1503 2739 optimos
1542 2686 1680 2729 edi-tas

7 2743 34 2804 ιγ’.
110 2753 148 2780 40
171 2754 269 2794 esse,
315 2745 439 2795 atque
484 2755 570 2795 qua
615 2742 763 2785 melior
809 2757 953 2786 rerum
999 2744 1102 2787 ordo
1141 2749 1487 2798 praepararetur
1527 2746 1678 2789 disser—

171 2799 372 2843 tationem
387 2801 401 2826 ¹
441 2815 559 2844 anno
597 2806 697 2855 post
735 2802 902 2858 publici
940 2803 1055 2846 iuris
1094 2804 1207 2858 fecit,
1256 2818 1384 2858 quam
1426 2804 1553 2848 editio
1584 2820 1678 2849 mea

173 2903 208 2950 1)
233 2903 282 2941 Η.
309 2905 347 2941 J.
373 2905 531 2949 Lawlor,
566 2906 657 2941 ‘The
686 2906 935 2952 Manum-apis
969 2909 1014 2951 of
1043 2909 1100 2943 the
1134 2909 1217 2942 Vita
1250 2909 1286 2943 S.
1314 2909 1541 2944 Columbani’
1567 2911 1679 2953 (wne

177 2951 435 2988 Transactions
459 2954 504 2996 of
523 2954 581 2988 the
604 2954 725 2997 Royal
747 2955 851 2989 Irish
875 2956 1067 3000 Academy,
1102 2956 1175 2991 Vol.
1202 2957 1371 2999 XXXII,
1398 2958 1485 2994 Sect.
1513 2958 1617 2999 0‚·P.
1646 2959 1676 3003 I,

171 2999 319 3043 Dublin,
345 3001 453 3045 June,
483 3001 615 3043 1903’).
