2008 3302
404 290 473 325 106
689 285 857 330 IONAS,
877 283 1036 322 VITAE
1062 283 1369 320 OOLUMBANI
1393 283 1538 320 LIBRI
1562 283 1614 322 ΙΙ.

409 406 752 451 Translationem
773 405 963 460 corporis
983 405 1246 459 Columbani,
1269 405 1343 458 fol.
1366 408 1463 447 147.
1510 405 1736 450 Historias
1754 405 1906 450 varias

404 470 454 511 de
477 466 638 521 primis
657 465 943 509 Bobiensibus
963 465 1195 519 monachis,
1228 465 1302 518 fol.
1327 468 1426 507 232.
1460 465 1509 507 V.
1539 464 1792 509 Columbani
1811 479 1904 509 con-

404 527 551 570 tinent.
614 524 844 579 Utrumque
874 526 927 567 L.
960 523 1208 567 Bethmann
1239 525 1276 567 b.
1308 539 1363 566 m.
1396 525 1609 578 quondam
1637 523 1837 579 inspexit.
1900 552 1902 554 v

547 585 592 627 B
613 583 672 640 lc)
711 584 851 628 Codex
881 583 1289 628 Londiniensis
1320 583 1467 626 Musei
1495 583 1755 628 Britannici
1792 584 1906 628 inter
1982 611 1989 622 -2

403 646 518 689 Add.
544 659 642 688 mss.
673 659 716 687 n.
740 647 910 697 21917,
941 658 1048 687 saec.
1075 643 1163 696 XI,
1196 643 1271 696 fol.
1296 642 1467 686 6—19‘
1499 642 1593 697 (fol.
1621 647 1696 686 1-
1716 647 1757 686 5.
1785 643 1904 687 char·
1929 659 1948 687 ι
1990 649 1995 652 ’

405 710 524 748 tacea
555 709 705 758 postea
735 705 943 758 praefixa
982 702 1101 757 sunt)
1142 702 1297 746 librum
1331 702 1523 757 primum
1565 702 1750 746 continet
1776 702 1906 746 initio
1988 712 2008 759 fa

404 766 571 818 fineque
592 763 845 807 destitutum.
898 762 1064 817 Incipit
1084 777 1112 805 a
1132 762 1270 805 verbis
1283 764 1323 806 c.
1353 766 1418 805 10.
1442 776 1506 806 ex.
1531 763 1677 806 fueris
1702 764 1904 819 prudens
1992 793 1994 800 ι

405 826 552 868 lector
591 824 665 866 vel
711 824 924 874 auditor‚·
956 822 1142 876 folioque
1187 822 1414 876 deperdito,
1460 821 1576 865 inter
1621 835 1654 866 c.
1692 826 1764 865 20.
1804 822 1906 865 XII
1994 838 1995 841 ¹

408 879 738 940 [occurrerunt]
766 886 806 925 et
830 896 863 925 c.
888 886 958 924 21.
994 878 1291 937 [interiorem]
1326 882 1485 925 lumen
1515 880 1655 935 hians,
1687 881 1738 924 in
1767 881 1907 925 verbis
1984 903 1993 918 ,ι

406 958 438 986 c.
469 948 538 985 30.
572 957 599 985 a
629 942 914 985 Theoderico
946 942 1316 984 Theodeberhum
1351 939 1520 984 desinit.
1572 940 1621 984 Ε
1646 939 1904 994 lectionibus,
1932 955 1991 990 1οὴ

405 1017 512 1057 quas
549 1005 701 1055 royatu
739 1015 828 1043 meo
869 1001 909 1043 I.
948 1001 1008 1042 Η.
1046 1000 1087 1044 J
1083 1014 1206 1054 eayes
1244 998 1557 1043 Londiniensis
1595 999 1907 1054 officiosissime

405 1061 640 1115 exscripsit,
682 1064 791 1103 certo
823 1060 977 1103 certius
1016 1059 1275 1114 intelleyitur
1304 1059 1462 1103 librum
1502 1060 1561 1102 ad
1589 1058 1702 1103 hanc
1732 1060 1908 1103 classem
1987 1065 1989 1067 ’

457 1120 628 1173 minere,
662 1134 695 1162 e.
756 1133 813 1162 r..
811 1134 819 1142 ·

399 1133 756 1222 196ο.20.Ι111;<ξ1]·
786 1193 900 1234 quos
932 1179 1107 1234 primus
1138 1178 1192 1220 R.
1226 1181 1339 1231 erat,
1381 1179 1462 1234 qui
1491 1183 1598 1222 eum
1629 1176 1770 1222 Mefis
1800 1176 1908 1233 (Me-
1978 1218 1982 1220 .

622 1239 759 1282 metis
789 1237 918 1292 Blb)
950 1253 993 1280 u.
1027 1253 1085 1294 p.‚
1119 1253 1164 1280 u.
1197 1239 1276 1290 fr.;
1932 1253 1970 1283 ιε

468 1313 501 1341 c.
521 1302 591 1340 30.
615 1311 808 1352 praescr.
852 1298 923 1341 De
963 1298 1175 1354 ingressu
1215 1299 1313 1340 eius
1352 1298 1403 1340 in
1443 1297 1586 1341 Italia
1625 1299 1675 1342 εὴ
1711 1296 1908 1355 Agssulfi

621 1359 743 1414 regis
775 1358 1029 1400 honorifica
1065 1358 1370 1413 susceptione,
1411 1357 1553 1400 immo
1583 1357 1781 1401 Arriano
1809 1368 1908 1414 per-

622 1417 759 1460 fidiae
799 1431 939 1473 penes
970 1417 1304 1459 Mediolanium
1345 1417 1640 1473 superatione
1671 1430 1725 1460 ac
1757 1428 1909 1460 mona.-

623 1477 752 1519 sterii
774 1477 1015 1519 Bobiensis
1045 1477 1095 1518 in
1127 1476 1259 1532 signo
1291 1478 1338 1519 et
1368 1477 1542 1519 virbute
1573 1476 1786 1520 miraculi
1806 1490 1909 1520 con-

623 1537 878 1579 structione
911 1538 958 1579 eb
999 1537 1056 1578 de
1096 1535 1330 1591 legafiione
1360 1536 1639 1579 venerabilis
1670 1536 1909 1579 Eusthasii
1933 1549 1978 1576 m*v

623 1610 650 1637 a
680 1610 788 1650 rege
821 1595 1060 1638 Clothario
1093 1609 1197 1637 cum
1228 1595 1552 1651 supplemento
1584 1595 1772 1652 publico
1803 1598 1910 1652 post

623 1655 812 1698 beatum
844 1655 1183 1698 Columbanum
1226 1669 1330 1697 cum
1369 1655 1494 1697 omni
1537 1656 1713 1699 honore
1744 1657 1816 1698 θεὴ
1845 1655 1909 1698 di·
1983 1668 1990 1696 ,t

621 1717 763 1757 recta.
1988 1713 1989 1719 ’

407 1775 505 1817 Fol.
538 1777 663 1815 20—
676 1777 746 1815 26.
800 1772 844 1816 V.
879 1773 1078 1816 Eustasii
1118 1772 1209 1828 (II,
1235 1777 1329 1815 7—
1344 1772 1422 1828 10)
1467 1772 1726 1828 interpolata
1770 1774 1910 1818 eodem
1987 1771 1989 1777 '

408 1835 528 1876 modo
575 1837 697 1886 atque
742 1833 792 1876 in
837 1833 881 1876 A
914 1838 970 1875 2α
1019 1833 1176 1876 librum
1216 1833 1413 1888 primum
1459 1833 1738 1888 subsequitur,
1785 1846 1910 1900 prae·
1933 1844 1991 1882 ιιι,

409 1895 573 1936 cedente
604 1893 803 1936 laterculo
836 1897 860 1934 6
894 1892 1094 1962 capitum,
1137 1892 1211 1948 qui
1250 1892 1423 1936 mutilus
1456 1908 1485 1936 a
1523 1892 1664 1936 verbis
1693 1892 1809 1936 tertii
1845 1891 1910 1935 in·
1984 1889 1995 1940 »ἶ

408 1952 510 2006 cipit
544 1952 638 1995 his:
680 1950 812 2006 lcum
847 1954 1047 2008 eorporis
1087 1953 1271 1996 reddito
1304 1951 1383 2006 (=
1415 1953 1487 1995 lat.
1520 1951 1590 2007 ΙΙ,
1626 1953 1687 2008 7).
1755 1953 1911 1995 Textus
1986 1947 1995 2009 ⁵3.

407 2012 479 2054 ille
517 2012 617 2055 item
657 1992 763 2064 folio
803 2012 1019 2067 deperdito
1049 2012 1179 2056 hians
1212 2009 1385 2064 (desunt
1414 2026 1446 2055 c.
1484 2016 1550 2055 10.
1594 2015 1728 2056 erant
1771 2012 1909 2055 huius
1980 1995 1997 2066 i

409 2073 683 2115 adsertionis
729 2095 785 2100 —
828 2073 1188 2138 contemplanda
1227 2073 1530 2125 misticorum)
1575 2074 1772 2115 accurate
1816 2085 1910 2115 cum
1983 2078 1993 2113 ξ

407 2131 450 2172 Α
469 2136 525 2173 2α
556 2130 760 2184 convenit,
793 2131 867 2197 qui
898 2132 1175 2185 quaternione
1206 2131 1424 2184 deficiente
1448 2131 1610 2186 integer
1635 2132 1695 2174 ad
1716 2144 1793 2174 nos
1822 2144 1909 2174 non
1933 2143 1970 2171 ao

399 2190 608 2245 pervenit,
649 2195 773 2244 atque
809 2191 860 2234 in
900 2205 950 2234 ea
984 2196 1114 2246 parte
1146 2192 1395 2246 plerumque
1434 2205 1528 2234 cum
1558 2190 1602 2234 A
1619 2195 1645 2232 2
1676 2190 1796 2245 facit,
1837 2191 1912 2234 sed

406 2251 535 2292 verba
564 2250 740 2293 minime
770 2251 1075 2305 praetermisit,
1117 2265 1225 2305 quae
1256 2251 1304 2293 in
1333 2250 1429 2306 ipso
1455 2249 1767 2305 praetermissa
1795 2254 1939 2304 sunt,

408 2313 532 2362 atque
563 2314 740 2363 praeter
780 2310 975 2353 lectiones
1014 2325 1250 2353 communes
1298 2308 1350 2363 (e.
1389 2324 1454 2364 qr.
1497 2324 1530 2354 c.
1566 2314 1605 2354 9.
1647 2310 1907 2361 tellicaisim,

407 2368 555 2421 tondi)
597 2368 723 2411 etiam
763 2369 1051 2424 discrepantes
1088 2370 1262 2423 exhibet,
1311 2384 1332 2412 e
1371 2369 1524 2423 quibus
1562 2369 1642 2412 has
1673 2382 1908 2412 commemo-

407 2441 508 2470 rare
540 2427 661 2470 libet:
702 2442 735 2470 c.
770 2432 810 2470 8.
849 2425 986 2484 coxit]
1023 2430 1269 2485 correpsiiu
1311 2428 1368 2471 ib.
1401 2426 1573 2485 oppidi]
1607 2429 1707 2472 add.
1740 2429 1908 2485 episco-
1933 2439 1968 2468 ω

408 2501 516 2542 pus;
551 2501 584 2529 c.
614 2491 653 2528 9.
686 2485 945 2543 faciditabe]
980 2489 1230 2539 facilibassffi
1266 2502 1298 2530 c.
1327 2492 1394 2530 10.
1427 2485 1630 2543 instruit]
1665 2488 1906 2540 insbruxiin

406 2546 462 2589 ib.
496 2544 632 2600 Num]
675 2547 803 2598 Non
850 2547 907 2590 ib
941 2544 1116 2603 expers]
1158 2548 1414 2603 experiens;
1462 2546 1519 2590 ib.
1549 2544 1770 2603 reddidit]
1812 2547 1907 2590 ΙΙΙ.

407 2602 488 2647 ΚΙ.
522 2606 668 2648 Maias
701 2606 813 2659 aad„
847 2605 925 2648 etsi
955 2607 1206 2649 Eustasium
1247 2606 1314 2649 die
1352 2610 1392 2647 2.
1423 2606 1596 2661 Aprilis
1635 2606 1787 2649 obiisse
1817 2620 1909 2650 con-

407 2669 502 2708 stat.
560 2665 684 2708 Haec
718 2640 873 2708 codicis
895 2679 1006 2719 pars
1036 2670 1083 2708 ut
1114 2680 1134 2709 e
1165 2666 1273 2709 libro
1304 2667 1486 2720 quodam
1516 2666 1560 2709 A
1577 2671 1635 2710 2α
1665 2667 1910 2720 deprompta

408 2728 478 2778 est,
511 2723 576 2767 ita
606 2725 681 2777 fol.
706 2729 911 2767 26-34,
945 2726 1121 2768 eundem
1154 2740 1274 2779 quem
1305 2725 1374 2769 hic
1405 2725 1588 2769 continet
1617 2725 1829 2769 Libellum
1859 2725 1910 2768 de
1931 2725 2008 2774 4021

407 2784 609 2827 Eustasii
649 2788 774 2838 atque
812 2784 1074 2828 Waldeberti
1120 2786 1212 2828 abb.
1260 2785 1423 2829 Luxov.
1468 2785 1694 2829 virtutibus
1739 2788 1909 2829 auctore
1982 2766 2008 2830 ³⁴1

407 2843 593 2887 Adsone.
662 2844 731 2887 De
778 2843 1010 2887 Gallicana
1056 2843 1191 2899 ipsius
1237 2844 1400 2899 origine
1445 2844 1637 2888 dubitari
1680 2843 1756 2887 vix
1800 2843 1906 2888 licet.

1979 2818 1996 2863 ξ

407 2903 483 2945 Ad
528 2903 577 2946 V.
616 2903 813 2946 Deicolil
854 2904 1057 2947 edendam
1106 2919 1199 2947 eum
1245 2904 1442 2947 adhibuit
1493 2903 1547 2947 G.
1587 2903 1734 2949 Waitz
1773 2905 1808 2947 b.
1850 2917 1906 2946 m.
1980 2867 1999 3013 ³

408 3021 444 3063 1)
474 3020 537 3056 ss,
564 3020 650 3064 XV,
670 3032 709 3065 p.
729 3020 809 3056 675.

1971 3103 1997 3113 a
