2008 3302
480 241 646 288 IONAS,
664 242 793 279 VITA
818 243 1072 281 IOHANNIS
1098 245 1331 284 ABBATIS.
1587 250 1656 285 329

157 369 291 410 cum⁸
329 379 468 421 super
506 365 698 407 fluvium
733 365 1024 409 Bridenam1.
1086 368 1362 411 Parentibus
1402 383 1495 412 non
1532 370 1656 425 igno-

157 421 356 469 bilibusb
380 427 660 481 procreatus,
685 427 817 480 patre
839 426 1069 477 Hilario⁰‚
1093 430 1240 470 matre
1264 428 1434 480 Quieta
1454 430 1654 481 nomine,

156 499 350 542 quorum
392 485 569 527 animos
611 484 765 527 cultus
807 485 1044 540 religionis
1086 488 1358 530 cathenatos
1399 492 1538 544 atque
1570 490 1654 532 sub

156 545 283 589 omni
334 545 584 588 devocione
646 545 888 587 christiani
948 546 1128 588 timoris
1178 545 1397 590 innexos‘¹
1441 549 1654 600 tenebat;

98 622 126 649 ,ο
156 606 352 662 quique⁶
385 606 524 648 etiam
566 605 689 647 inter
728 604 830 659 ipsa
870 601 1148 660 primordief
1176 607 1442 650 rudimenta
1477 611 1574 651 tam
1606 610 1656 651 in

156 665 362 722 puericia
408 679 546 720 quam
598 665 646 706 in
699 664 1013 707 adolescentia
1064 665 1148 708 sub
1200 667 1440 710 christiani
1486 668 1656 723 vigoris

157 725 290 768 cultu
335 726 476 780 atque
522 723 762 779 religionis
809 738 836 765 a
883 725 1154 779 parentibus
1207 725 1348 768 alitus
1400 729 1470 769 est
1516 731 1656 783 atque

155 785 376 828 nutritus.

123 896 127 900 .
300 860 340 898 2.
375 855 582 911 Cumque
610 855 796 898 circiter
818 855 909 897 XX
935 857 1056 898 esset
1084 870 1321 907 annorum,
1356 858 1479 913 cepit
1504 860 1657 901 animo

95 933 132 960 ιο
156 917 330 960 alciora
372 919 512 971 atque
554 915 691 958 solito
736 915 909 957 artiora
949 929 1151 970 querere,
1195 919 1260 967 ut,
1305 917 1468 959 relicto
1509 919 1658 960 natali

157 976 277 1028 solo,
331 989 422 1032 quo
474 975 766 1032 potissimum
814 975 956 1017 animi
1003 976 1269 1018 ostenderet
1315 976 1556 1028 affectum,
1612 981 1659 1020 et

154 1037 300 1079 vitam
341 1038 501 1091 ageret
542 1035 818 1091 gloriosam²
856 1037 904 1077 et
951 1035 1082 1077 cultu
1126 1035 1363 1091 religionis
1405 1037 1489 1079 sub
1533 1038 1657 1079 omni

153 1096 416 1140 intentione
456 1099 659 1138 mentem
699 1095 918 1137 erudiret.
982 1095 1126 1137 Dedit
1166 1098 1322 1138 tamen
1363 1110 1562 1151 operam,
1604 1099 1658 1139 ut

18 1197 29 1217 ι,
155 1170 210 1200 eo
241 1156 290 1198 in
321 1156 438 1207 loco,
471 1151 580 1198 ubib
612 1157 743 1198 ortus
774 1154 944 1206 fuerat,
977 1168 1251 1210 perparvum
1279 1157 1531 1198 oratorium
1556 1157 1658 1198 fun-

26 1248 31 1272 3
96 1231 132 1258 ιε
157 1217 302 1268 daret,
334 1219 402 1267 ut,
429 1216 536 1258 dum
567 1215 704 1257 anxia
730 1215 879 1257 cordis
905 1217 1027 1266 vota,
1057 1214 1242 1257 Christo
1275 1218 1521 1267 annuente,
1550 1231 1659 1272 pen-

155 1276 300 1319 sando
332 1277 552 1332 patraret,
586 1275 808 1317 orationis
841 1274 1067 1317 solamina
1099 1277 1237 1330 atque
1268 1275 1518 1330 religionis,
1553 1290 1658 1331 quo-

155 1337 293 1379 modo
326 1337 493 1392 posset,
526 1335 760 1378 occultum
786 1335 1012 1390 impleret.
1067 1334 1171 1386 Sed,
1206 1335 1315 1376 dum
1344 1349 1470 1377 mens
1493 1336 1660 1378 devota

157 1396 258 1439 Deo
279 1409 365 1439 nec
388 1399 440 1438 αθ
465 1395 736 1451 parentibus
758 1408 843 1437 nec
867 1409 894 1436 a
914 1394 1096 1436 familia
1112 1397 1325 1449 quereret
1346 1391 1655 1437 famulatumd

17 1496 30 1519 a.
155 1456 230 1499 vel
260 1455 410 1512 plebis
441 1469 535 1497 non
575 1455 721 1498 ferret
762 1468 1035 1510 pressuram,
1079 1454 1234 1510 elegit,
1276 1458 1330 1496 ut
1372 1455 1525 1505 eremi,
1569 1469 1659 1510 quo

95 1531 132 1558 20
156 1530 204 1560 se
235 1515 365 1559 locus
398 1515 553 1563 dabat,
588 1517 766 1557 secreta
798 1517 1050 1570 expeteret.
1113 1514 1299 1570 Agebat
1331 1515 1452 1556 enim
1486 1516 1573 1556 hoc
1606 1529 1660 1557 eo

155 1578 377 1633 tempore,
421 1589 511 1630 quo
544 1574 722 1617 Gallias
754 1574 839 1616 sub
882 1574 1064 1630 imperii
1101 1574 1201 1616 iure
1233 1575 1467 1616 Iohannes
1500 1574 1661 1617 consul

156 1636 361 1692 regebat.
435 1635 628 1690 Itaque⁰
667 1648 772 1677 cum
814 1635 1014 1690 quadam
1063 1635 1136 1676 die
1180 1635 1238 1676 ad
1280 1634 1516 1676 basilicam
1560 1635 1661 1676 mis-

157 1710 311 1739 sarum
353 1695 610 1751 solempnia
651 1695 895 1736 auditurus
937 1696 1164 1749 pergeret,
1197 1717 1255 1722 —
1288 1697 1388 1736 erat
1430 1695 1550 1749 enim
1589 1694 1661 1736 be-

158 1756 225 1799 ati
250 1755 475 1798 Iohannis
500 1755 704 1811 baptiste
729 1749 1022 1797 venerandaf
1050 1754 1382 1810 sollempnitas,
1410 1777 1467 1782 —
1501 1754 1662 1796 audita

97 1830 134 1856 εὖ
159 1815 460 1872 euvangelica
480 1815 681 1857 lectione
704 1816 752 1857 et
774 1815 975 1857 deducta
997 1814 1125 1865 serie,
1160 1815 1298 1856 finem
1326 1815 1423 1856 eius
1447 1813 1662 1856 desiderii

158 1876 268 1932 igne
299 1878 562 1932 penetrans,
605 1889 695 1930 quo
727 1875 815 1917 ait:
859 1873 977 1916 Puer
1008 1877 1147 1916 autem
1187 1874 1395 1916 crescebat
1430 1877 1469 1915 et
1498 1873 1662 1925 confor-

159 1936 333 1978 tabatur
361 1934 411 1978 in
441 1933 599 1988 spiritu
630 1938 669 1977 et
699 1938 793 1977 erat
821 1933 872 1976 in
913 1935 1073 1976 deserto
1116 1947 1245 1987 usque
1286 1933 1345 1975 ad
1383 1932 1493 1975 diem
1534 1936 1662 1975 osten-

160 1994 297 2038 sionis
327 2009 400 2038 sue
431 1995 491 2036 ad
520 1994 673 2047 Israel,
714 2008 767 2037 ac
801 1994 1017 2050 deinceps
1051 2008 1155 2035 cum
1188 1994 1280 2035 alia
1311 1993 1410 2035 vice
1443 1993 1660 2043 audisset,

161 2056 284 2111 quod
332 2055 496 2098 beatus
535 2054 768 2097 Iohannes
810 2054 1130 2110 euvangelista
1176 2054 1438 2108 reliquisset
1484 2055 1663 2109 patrem

101 2131 137 2158 ⁸0
162 2115 418 2158 Zebedeum
449 2129 551 2157 cum
578 2115 687 2156 navi
713 2116 760 2157 et
783 2114 955 2169 absque
977 2114 1076 2156 ulla
1098 2114 1403 2168 ambiguitate
1427 2113 1664 2155 Christum

161 2177 348 2218 secutus
387 2175 586 2224 fuissem
609 2174 872 2230 intrepidus
913 2174 1171 2229 mentisque
1213 2174 1375 2215 ardore
1417 2175 1464 2215 et
1505 2172 1665 2215 celesti

163 2235 390 2278 desiderio
423 2249 654 2285 accensus,
688 2234 953 2289 relinquens
985 2236 1163 2289 patrem
1194 2235 1241 2276 et
1273 2235 1467 2275 matrem
1501 2233 1665 2274 solum-

163 2309 251 2351 que
283 2294 453 2345 natale,
496 2294 680 2345 saltum,
724 2295 802 2349 qui
841 2294 965 2336 inter
998 2295 1112 2335 duos
1145 2293 1320 2344 fluvios,
1362 2293 1410 2335 id
1443 2294 1513 2335 est
1544 2293 1667 2334 inter

163 2355 579 2398 Hor-mentionem2
609 2357 657 2397 et
690 2354 907 2396 Sidenam
950 2354 1066 2395 situs
1099 2355 1181 2404 est,
1225 2353 1304 2408 qui
1336 2367 1363 2394 a
1395 2351 1669 2395 Sinemuro³

104 2487 140 2514 35
380 2483 451 2515 Cap.
466 2483 491 2511 1.
528 2483 555 2508 Δ
566 2483 592 2508 2.
613 2483 644 2508 C.
720 2483 790 2515 Cap.
803 2483 829 2510 2.
869 2483 896 2508 A
907 2484 932 2511 2.

309 2542 391 2575 Gap.
412 2543 439 2568 1.
478 2542 507 2576 a)
527 2543 772 2574 Quartamiaoum
792 2543 854 2570 ΑΞ.
931 2543 962 2572 b)
986 2542 1111 2573 ignobili
1130 2542 1193 2567 ΑΞ.
1268 2541 1295 2574 c)
1316 2541 1419 2566 Ylario
1439 2540 1501 2566 A2.
1577 2538 1607 2573 d)
1628 2540 1669 2564 ita

165 2579 201 2605 Β.
222 2579 263 2610 0,·
279 2579 406 2604 innexas
424 2578 488 2606 A2.
563 2578 590 2612 e)
610 2579 740 2611 quicque
758 2579 823 2607 A2.
900 2578 922 2612 r)
943 2579 985 2603 ita
1003 2578 1056 2603 ΑΞ
1076 2578 1130 2608 (cf.
1146 2585 1180 2609 p.
1195 2578 1258 2609 230,
1270 2578 1328 2608 12).

309 2614 390 2646 Gap.
410 2615 435 2640 2.
474 2614 503 2648 a)
524 2615 649 2646 gloriam
667 2615 732 2642 ΑΒ.
804 2615 835 2647 b)
854 2616 874 2642 l.
895 2618 1010 2640 mortus
1029 2614 1092 2639 A2.
1168 2614 1194 2646 c)
1214 2612 1429 2645 apparentibus
1449 2612 1510 2638 Ae.
1574 2609 1604 2644 d)
1625 2611 1667 2635 fu-

166 2650 313 2677 mulatmn
331 2651 518 2685 famulatum,
539 2653 681 2682 expuncto
701 2651 792 2676 altero
813 2652 892 2684 fam„
914 2651 940 2675 A
952 2651 978 2676 2.
1062 2649 1090 2683 e)
1117 2649 1205 2680 Itque
1224 2649 1287 2676 ΑΞ.
1362 2647 1384 2681 f)
1413 2645 1584 2672 venerande
1604 2647 1629 2671 A
1641 2647 1667 2677 2,

104 2691 142 2717 40
165 2693 242 2713 corr.

168 2782 204 2826 1)
226 2783 311 2816 Sine
335 2781 441 2816 dubio
466 2781 620 2825 Brenne,
647 2783 806 2825 affluens
830 2782 1039 2822 Armanpcm
1063 2780 1100 2822 fl,
1186 2780 1222 2822 2)
1252 2779 1458 2819 Armanqon
1482 2781 1515 2811 et
1538 2777 1670 2810 Serain

166 2831 218 2873 fl.,
251 2839 401 2874 quorum
434 2829 499 2863 hoo
531 2830 604 2865 loco
632 2831 762 2874 prima
795 2830 923 2862 mentio
957 2828 1010 2872 fit,
1048 2826 1227 2861 Ormentio
1270 2836 1356 2860 saec.
1383 2824 1431 2860 X.
1466 2829 1498 2859 et
1531 2824 1670 2858 Sedena

167 2889 202 2914 a.
220 2879 304 2914 867.
328 2879 442 2912 vocati
463 2882 568 2918 sunm
593 2879 638 2920 cf.
659 2878 830 2920 Quarum,
858 2876 1050 2910 ‘Dictionm
1067 2875 1116 2908 du
1137 2874 1214 2918 de'p.
1232 2874 1274 2907 de
1290 2872 1457 2907 l'chne’
1477 2883 1516 2916 p.
1535 2873 1568 2907 4.
1589 2873 1669 2907 123.

169 2926 206 2970 3)
234 2925 351 2960 Hodie
374 2926 763 2960 Semur-en-Auxoie
788 2924 882 2968 (de‘p.
911 2922 1144 2960 cate-d’Or).

1687 1892 1759 1918 Luc.
1772 1893 1798 1925 1,
1810 1892 1854 1920 80.

1689 2064 1903 2099 ot.Ma1-o.1,20.
