2008 3302
409 287 479 323 112
694 282 861 327 IONAS,
879 281 1044 318 VITAE
1071 281 1377 318 COLUMBANI
1402 282 1547 319 LIBRI
1569 282 1622 320 Π.

419 405 575 450 Ultimo
607 405 693 447 loco
723 404 786 446 vel
826 403 1024 457 temporis
1065 403 1371 457 inaequalitate
1401 405 1518 448 verbi
1548 407 1753 448 resumat
1782 405 1912 449 inter-

402 464 564 519 polatio
587 479 615 506 a
636 467 749 505 textu
771 462 1035 517 primigenio
1066 460 1435 519 (meminisceret)
1458 464 1588 517 facile
1608 464 1912 519 distinyuenda

409 528 480 567 est.
541 522 646 566 Cum
677 526 816 565 autem
841 526 988 565 auctor
1007 522 1053 564 Β
1079 522 1211 565 altero
1235 524 1369 577 paulo
1394 523 1544 566 melius
1573 524 1764 567 eruditus
1794 529 1910 579 esset,
1983 558 1997 575 ⁴:

408 584 563 625 menda
594 581 686 624 eius
713 581 998 636 yrammatica
1028 582 1238 625 nonnulla
1269 583 1440 640 sustulit
1468 583 1751 638 vocabulaque
1780 583 1913 627 textui

408 641 556 685 intulit
586 645 661 683 aut
691 640 861 695 aptiora
893 645 968 683 aut
997 641 1218 684 electiora:
1936 656 1955 683 ⁶
1990 671 1999 685 2

459 716 492 744 c.
519 706 558 743 7.
622 701 888 743 solitudinis
919 715 1000 743 ora
1035 698 1083 756 [s.
1117 702 1383 745 vastitatem
1415 699 1474 759 Β]
1510 703 1712 759 αᾱὺθὲἰίη
2000 739 2008 761 a

459 775 492 804 c.
519 764 588 803 12.
620 761 668 803 in
710 761 976 816 supradicto
1017 761 1197 816 scopuli
1234 762 1339 803 sinu
1373 758 1542 818 [speleo
1572 761 1630 816 B,
1672 763 1748 805 sed
1776 761 1913 806 Ionas
2003 788 2008 812 ς

624 819 714 874 ipse
757 821 884 862 sinus
921 833 1001 873 pro
1033 834 1195 876 specus
1227 820 1396 875 accepit,
1438 821 1494 874 cf.
1527 836 1561 865 c.
1585 825 1627 863 8.
1659 835 1913 866 concavum
1988 819 2008 880 fg

623 881 672 921 in
706 883 841 922 caute
874 877 1061 934 sinum];
1990 904 1999 915 τ

459 954 492 982 c.
520 943 587 981 19.
621 939 763 981 Aient
795 937 861 992 [A
896 952 989 981 cum
1019 939 1179 992 Fred.;
1209 940 1422 983 fatentur
1450 938 1536 994 B];
1904 960 1906 962 ·
1938 947 1997 996 1οῇ

459 1013 492 1041 c.
517 1002 587 1040 27.
619 999 834 1053 falangas
864 998 1111 1053 imperavit
1142 1000 1269 1042 abire
1303 996 1445 1055 [abire
1475 1000 1608 1043 iubet
1637 996 1723 1056 B];

459 1072 492 1101 c.
517 1062 586 1100 28.
621 1058 797 1100 aientes
831 1053 916 1112 [A;
947 1058 1153 1101 dicentes
1184 1055 1268 1114 B];

459 1132 492 1160 c.
517 1121 586 1159 30.
622 1116 759 1169 Omni
805 1117 1034 1171 praesidio
1082 1131 1116 1159 s.
1150 1118 1482 1161 monasterium
1527 1119 1708 1162 munire
1754 1120 1914 1162 studet

628 1174 908 1231 [muneribus
949 1178 1084 1218 ornat
1115 1176 1172 1229 Β,
1219 1178 1294 1220 sed
1331 1179 1561 1234 praesidio
1602 1179 1782 1222 munire
1822 1191 1914 1222 con—

623 1239 738 1277 stare
767 1234 944 1289 violetur,
978 1236 1257 1289 praecedente
1288 1237 1376 1280 loco
1414 1237 1515 1280 hoe:
1557 1240 1612 1280 ut
1643 1237 1824 1281 sodales
1855 1260 1915 1268 —
1938 1248 1984 1277 ¹⁶

623 1295 823 1351 presidio
853 1292 1064 1351 foveret}

408 1355 478 1397 Ab
519 1353 611 1408 ipso
651 1354 813 1407 incepto
854 1368 929 1396 suo
960 1359 1108 1397 auctor
1138 1355 1359 1411 archetypi
1388 1356 1434 1398 B
1464 1356 1551 1400 loco
1580 1355 1819 1411 insequenti
1849 1357 1914 1400 de·

409 1413 566 1456 stitisse
605 1411 782 1467 videtur,
824 1413 898 1456 ubi
937 1413 1056 1456 lectio
1087 1413 1356 1469 primiyenia
1395 1416 1534 1459 adhuc
1572 1415 1695 1458 iuxta
1734 1415 1914 1470 interpo-

412 1474 544 1516 latam
575 1476 796 1515 asservata
826 1477 910 1515 est:
1984 1492 1992 1499 ff

462 1536 589 1575 c.11.
622 1535 847 1587 tantaque
873 1533 1068 1601 piscium
1096 1529 1366 1588 [multitudo
1392 1535 1492 1578 add.
1517 1534 1563 1577 Β
1579 1539 1634 1584 2,·
1665 1539 1691 1577 9
1717 1534 1797 1578 litt.
1822 1548 1911 1578 r.as
1937 1528 1994 1574 ⁸03

625 1591 670 1634 Β
691 1588 757 1647 la]
793 1592 925 1647 eopia
950 1595 1020 1635 est
1045 1595 1144 1636 rete
1165 1594 1423 1649 impletum,
1458 1597 1512 1636 ut
1533 1595 1608 1637 vix
1628 1609 1739 1651 prae
1759 1594 1914 1638 multi·
1981 1598 1992 1618 ””’

624 1652 789 1694 tudine
819 1652 946 1693 trahi
977 1653 1216 1707 potuisset.
1986 1661 1991 1671 ’

411 1711 698 1753 Emendatam
737 1710 849 1753 hanc
889 1711 936 1753 V.
979 1710 1230 1754 Oolumbani
1275 1712 1499 1755 editionem
1545 1727 1646 1756 aevo
1683 1712 1916 1768 posteriori

411 1783 542 1823 neque
582 1769 813 1824 bioyraplzo
852 1769 940 1824 ipsi
980 1771 1295 1814 attribuendam
1335 1786 1422 1815 esse
1461 1786 1514 1815 ex
1552 1772 1628 1816 hoc
1667 1776 1914 1827 aryumento

412 1828 604 1872 concludi
645 1829 750 1872 licet.
822 1830 1086 1873 Adveniente
1131 1835 1277 1874 sancto
1322 1831 1372 1874 in
1419 1831 1603 1886 Gallias,
1652 1833 1818 1876 duabus
1862 1845 1915 1875 ex
1938 1842 1989 1881 ’δι’

411 1887 554 1931 causis
599 1888 845 1943 reliqionem
890 1889 1092 1933 abolitam
1137 1904 1225 1933 esse
1268 1891 1406 1934 Ionas
1450 1891 1710 1946 affirmavit,
1757 1890 1917 1935 scilicet

413 1946 464 2001 (c.
489 1947 534 2002 5)
566 1949 641 1991 vel
682 1949 740 1991 ob
781 1949 1046 2004 frequentia
1086 1950 1290 1993 hostium
1330 1954 1624 1994 externorum
1655 1952 1731 1995 vel
1761 1951 1914 2007 negle-
1986 1962 1993 2014 ξ»

410 2008 570 2063 gentia
594 2009 860 2063 praesulum
886 2007 973 2061 (ita
993 2009 1063 2063 A;
1093 2011 1347 2066 priscorum
1373 2011 1634 2067 principum
1653 2010 1734 2065 B).
1783 2010 1914 2054 Prae-
1983 2027 1991 2062 ‘r

409 2067 521 2109 sules
546 2068 598 2110 ab
621 2081 666 2110 eo
687 2067 990 2122 intellequntur
1009 2067 1194 2134 episcopi
1214 2070 1503 2124 abbatesque,
1476 2070 1492 2096 1
1535 2069 1672 2124 iisque
1693 2069 1916 2125 reliyionis
1976 2064 1994 2106 ⁴⁴

410 2126 583 2169 abolitio
623 2126 673 2169 in
715 2126 839 2169 libris
869 2128 913 2170 A
943 2127 1045 2170 vitio
1086 2128 1277 2183 vertitur,
1318 2130 1419 2172 dum
1457 2129 1503 2172 Β
1541 2129 1731 2184 ipsorum
1766 2129 1915 2185 qratia
1938 2139 1977 2169 ιο

412 2185 585 2239 ‘priscos
621 2186 856 2240 principes'
897 2187 1124 2230 substituit.
1196 2188 1486 2241 Manifestum
1525 2193 1664 2232 autem
1699 2193 1762 2232 est
1797 2202 1915 2244 reyes

410 2246 479 2287 Fi
480 2259 614 2288 anem
614 2260 686 2288 um
736 2261 844 2289 saec.
887 2247 964 2289 VI.
998 2261 1061 2289 esc.
1108 2253 1335 2302 reynantes
1379 2248 1454 2291 vix
1490 2248 1660 2303 priscos
1704 2247 1916 2304 amellari

407 2304 592 2357 potuisse
633 2320 661 2347 a
692 2306 807 2348 Iona
822 2306 1152 2360 'quinquaqinta
1183 2307 1299 2350 circa
1331 2307 1463 2351 annis
1492 2312 1592 2362 post
1620 2309 1790 2363 deqente
1820 2306 1914 2362 pri-

409 2377 494 2406 sco
483 2377 579 2416 sque
617 2364 735 2419 ipsos
773 2366 902 2407 multo
940 2365 1080 2420 maqis
1119 2366 1397 2420 scriptoribus
1440 2366 1726 2422 Carolinyicis
1764 2366 1912 2420 fuisse,

411 2422 595 2465 extincta
625 2423 705 2465 stu
698 2438 755 2477 pe
785 2424 1114 2478 Merowinqica.
1168 2427 1310 2479 Quare
1340 2426 1449 2469 mihi
1470 2440 1729 2480 persuasum
1758 2431 1830 2481 est,
1862 2426 1912 2469 V
1938 2436 1974 2464 ³⁶

419 2480 668 2524 Columbani
699 2484 751 2525 ab
782 2482 1082 2537 interpolatore
1106 2485 1235 2527 multo
1257 2485 1494 2539 posteriore
1514 2490 1788 2529 retractatam
1812 2499 1912 2540 esse,

411 2545 599 2595 certoque
629 2541 785 2584 certius
807 2556 867 2596 pr
869 2544 1012 2586 obasse
1042 2543 1150 2586 mihi
1179 2544 1326 2587 videor
1347 2549 1501 2588 textum
1525 2545 1835 2600 primiyenium
1863 2545 1915 2588 in

412 2599 623 2643 codicibus
653 2601 697 2642 A
729 2606 992 2644 asservatum
1023 2617 1123 2645 esse.

556 2659 913 2714 Interpolationes
944 2661 1094 2704 classis
1123 2662 1169 2705 Β
1199 2662 1329 2715 facile
1361 2663 1665 2707 discernendae
1695 2667 1842 2718 essent,
1873 2663 1914 2707 si

411 2720 550 2762 adhuc
589 2725 821 2774 superesset
864 2723 976 2774 quod
1013 2722 1180 2764 auctori
1224 2723 1407 2766 eiusdem
1444 2728 1621 2778 praesto
1664 2723 1810 2776 fuerat
1847 2736 1913 2767 eat-
1934 2728 1978 2761 *θ’

411 2780 574 2833 emplar
603 2780 660 2821 A.
729 2780 851 2834 Quod
889 2780 967 2823 etsi
1006 2781 1193 2836 reperire
1223 2782 1399 2825 minime
1440 2783 1570 2837 licuit,
1613 2787 1755 2826 tamen
1785 2786 1914 2826 totam
1972 2805 1985 2836 3,

413 2896 447 2939 1)
488 2895 541 2939 of.
573 2896 614 2932 V.
642 2896 797 2932 columb.
823 2897 907 2941 Ep„
940 2898 973 2942 Ι,
1007 2900 1039 2934 1.
1064 2899 1088 2934 4
1099 2909 1110 2938 ,·
1152 2899 1191 2934 V.
1218 2899 1307 2944 Im,
1343 2899 1407 2936 ss,
1434 2900 1478 2935 R.
1506 2900 1701 2944 Meroviny.
1727 2899 1801 2943 III,
1827 2900 1909 2943 ⁵05,
1967 2877 1989 3014 ἶ

409 2943 433 2977 l.
459 2945 517 2979 27.
