2008 3302
420 237 588 283 IONAS,
607 237 770 274 VITAE
797 238 1105 275 OOLUMBANI
1129 238 1276 275 LIBRI
1300 238 1352 277 11.
1595 243 1641 278 65

275 361 318 403 A
347 360 433 416 lb·)
475 359 615 404 Codex
654 360 1154 416 Heidelberyensis
1195 362 1489 406 universitatis
1528 363 1642 407 inter

133 419 265 464 libros
294 420 546 463 monasterii
567 420 625 463 B.
648 420 830 464 Mar-iae
859 420 910 464 in
943 422 1085 464 Salem
1115 437 1159 464 n.
1184 426 1222 476 9,
1251 426 1321 477 21,
1354 436 1463 466 saec.
1488 422 1638 477 XIII,

125 479 434 546 praetermissa
467 480 515 546 V.
548 480 748 547 Athalae,
791 481 936 547 eadem
967 481 1061 548 fere
1090 486 1213 536 atque
1244 481 1350 525 liber
1379 484 1641 537 praecedens

11 568 20 633 ,³
88 616 108 644 .
131 539 431 643 {mail
451 540 1060 654 Zissircafflssffzi'tssfifiilqssg
1075 546 1640 656 ..222352‘23552535325

274 670 369 713 Fol.
395 674 419 712 2
433 674 564 712 -19.
597 671 646 713 V.
686 670 940 714 Columbani
971 675 1106 714 textus
1136 676 1234 714 arta
1266 672 1434 727 quidem
1465 674 1638 717 necessi-

131 729 277 773 tudine
309 744 403 773 cum
434 730 477 773 A
505 730 553 772 lb
586 730 834 773 coniunctus
865 735 936 785 est,
971 730 1164 774 omittens

189 789 230 843 I,
255 793 323 831 22.
361 804 663 841 communem,
698 790 738 844 Ι,
762 793 832 832 28.
854 791 1124 843 clericatus,

129 848 439 904 immutansque
469 850 596 893 baec:

70 927 106 954 ιο
189 909 230 964 Ι,
258 913 325 952 11.
361 906 602 964 laboravit]
637 910 882 952 laborabab
913 910 956 953 A
977 910 1039 952 lb.
1059 908 1117 965 b*,·

226 968 284 1012 ib.
365 970 483 1013 vade
516 966 621 1024 cito]
657 970 750 1012 cito
782 971 899 1013 vade
931 970 975 1013 A
996 971 1058 1013 lb.
1077 970 1135 1024 ὁζ-

189 1028 229 1082 Ι,
257 1032 324 1071 14.
358 1027 637 1086 praefectus]
672 1030 826 1072 factus
858 1029 902 1071 A
923 1028 1006 1083 lb*;
1037 1033 1169 1073 actus
1199 1030 1243 1074 A
1265 1032 1341 1085 lb,-

187 1088 228 1142 Ι,
253 1092 322 1130 26.
357 1086 605 1144 abdicavifi]
642 1090 741 1132 Deo
775 1090 947 1132 dicavih
978 1090 1022 1132 A
1043 1090 1106 1132 lb.
1125 1089 1177 1143 b*,

127 1149 203 1191 sed
231 1162 283 1191 ex
312 1148 406 1203 ipso
433 1148 608 1191 minime
631 1149 800 1203 pendet,
834 1149 1032 1203 supplens
1055 1149 1201 1193 hiatus
1225 1150 1457 1205 complures
1481 1151 1638 1195 codicis

16 1228 37 1262 x
66 1224 103 1252 ιο
126 1207 381 1251 vetustioris.
446 1208 606 1251 Locum
639 1208 941 1263 *Cbaynoaldi
972 1209 1268 1264 Maynoaldus
1307 1209 1378 1253 ille
1417 1211 1638 1263 fabulosus
1662 1229 1678 1245 ¹¹
1702 1250 1708 1257 .
1756 1250 1763 1258 .

126 1266 216 1310 iam
237 1267 466 1322 occupavit,
490 1268 744 1322 initiumque
765 1282 797 1311 c.
828 1272 892 1322 17,
922 1269 1049 1311 verba
1070 1269 1230 1313 scilicet
1250 1270 1338 1312 Oui
1354 1293 1411 1299 —
1428 1271 1634 1326 imperio,

127 1326 439 1370 desiderantur.

269 1387 366 1430 Fol.
405 1391 610 1429 19—23.
665 1388 842 1443 Incipit
882 1388 979 1430 vita
1020 1389 1167 1431 sancffi
1208 1389 1412 1432 Eustasii
1453 1390 1636 1433 abbatis

64 1523 103 1550 ὀ
128 1443 221 1501 (ΙΙ,
251 1445 586 1549 ἹΙῑ-Ὄὶοέὲ-29.
637 1507 879 1563 Incipiunt
903 1507 1223 1560 revelationes,
1250 1523 1339 1564 que
1367 1510 1415 1551 in
1444 1510 1635 1553 cenobio

126 1565 486 1622 Burgundofore
518 1567 752 1610 abbatisse
783 1567 878 1609 vise
911 1570 1020 1609 sunt
1054 1565 1146 1621 (II,
1177 1569 1387 1624 11—22).

269 1637 365 1680 Fol.
401 1637 624 1680 29—32‘.
687 1638 864 1695 Incipit
904 1639 1071 1682 relatio
1113 1640 1170 1682 de
1214 1640 1350 1683 beabo
1389 1640 1635 1684 Bettholfo

124 1698 295 1809 {bbate
316 1699 364 1740 in
389 1698 537 1741 Bobio
560 1701 608 1742 et
630 1699 920 1754 quorundam
942 1699 1141 1741 fratrum
1163 1700 1438 1743 miraculum
1461 1700 1635 1744 ibidem

149 1757 220 1812 ΙΙ,
255 1757 467 1812 23-25).

23 1835 27 1839 ·
73 1833 112 1860 2⁶
276 1816 416 1860 Codex
437 1821 707 1872 comparatus
734 1832 827 1860 cum
844 1817 887 1859 A
902 1819 951 1861 lb
973 1817 1118 1861 multis
1144 1818 1263 1861 vitiis
1290 1819 1470 1874 laborat,
1492 1834 1634 1875 quam-

124 1890 203 1931 que
233 1876 304 1920 hic
336 1878 514 1931 praebet
544 1881 789 1920 accuratam
822 1877 1078 1931 exemplaris
1116 1878 1358 1921 vetustioris
1388 1878 1632 1934 imaqinem,

123 1935 174 1979 in
204 1950 250 1979 eo
281 1937 450 1990 frustra
475 1951 673 1991 quaeras.
735 1937 950 1980 Vocabula
981 1936 1096 1980 enim
1126 1938 1189 1981 ibi
1219 1952 1342 1993 saepe
1373 1938 1465 1982 alia
1496 1943 1634 1982 trans-

117 1995 274 2051 posita,
318 1996 411 2040 alia
442 1997 600 2040 omissa
636 2001 714 2040 aut
742 2011 832 2054 pro
864 1996 966 2039 aliis
1006 1997 1099 2040 alia
1138 1997 1363 2041 substituta
1402 2002 1513 2052 sunt,
1545 2013 1635 2054 pro

125 2056 261 2108 enim,
295 2070 417 2112 ergo,
451 2071 539 2112 que
581 2071 615 2099 e.
646 2070 713 2111 qr.
746 2071 867 2107 vero,
910 2058 1068 2113 igibur,
1112 2058 1284 2114 itaque,
1324 2058 1560 2112 multasque
1597 2063 1637 2101 et

60 2131 100 2159 zo
121 2129 275 2169 yraves
314 2115 665 2172 interpolationes
697 2130 790 2160 cum
825 2116 873 2159 in
904 2116 1083 2170 reliquis
1115 2117 1318 2172 partibus
1349 2121 1388 2160 et
1418 2117 1459 2160 I.
1493 2122 1532 2160 et
1561 2118 1632 2160 II.

123 2173 225 2217 libri
264 2179 352 2217 tum
383 2175 569 2219 maxi-me
599 2175 649 2218 in
679 2176 729 2219 V.
761 2175 950 2229 Bertulfi
982 2175 1074 2230 (II,
1099 2177 1176 2232 23)
1210 2178 1339 2220 codea·
1368 2191 1530 2231 passus
1560 2181 1631 2232 est,

120 2233 274 2288 quibus
304 2234 495 2278 rationes
525 2249 669 2278 rerum
692 2235 874 2290 planius
905 2235 1219 2291 expedirentur.
1279 2236 1430 2281 Ultimi
1455 2236 1634 2291 denique

120 2293 278 2348 capitis
309 2298 444 2337 textus
477 2292 570 2349 (II,
604 2296 683 2351 25)
717 2296 822 2338 adeo
852 2294 902 2338 in
934 2295 1053 2339 breve
1084 2300 1250 2339 coactus
1280 2300 1351 2350 est,
1389 2300 1436 2339 ut
1461 2296 1633 2352 partim

123 2353 315 2406 conferri
348 2354 553 2409 nequiret.

59 2441 99 2469 ³5
265 2425 309 2467 A
333 2425 419 2478 1121)
468 2425 609 2469 Codex
638 2425 1038 2470 Bruxellensis
1069 2442 1112 2470 n.
1137 2431 1266 2482 7984,
1299 2441 1408 2472 saec.
1438 2427 1497 2482 X,
1531 2428 1632 2471 olim

131 2483 562 2540 Weissenburqensis,
611 2485 765 2529 deinde
807 2486 1167 2541 Molsheimensis,
1215 2491 1302 2530 tum
1343 2487 1492 2530 Musei
1531 2488 1632 2531 Bol-

123 2543 430 2587 landianorum
458 2545 787 2600 Antverpiensis
808 2545 878 2599 (P.
904 2560 981 2589 ms.
1010 2546 1102 2602 20),
1134 2546 1273 2601 ipsam
1304 2561 1412 2602 quae
1441 2547 1492 2590 in
1523 2547 1631 2591 codi-

123 2602 240 2646 cibus
263 2604 614 2658 praecedentibus
636 2605 904 2649 desideratur
929 2606 1071 2650 Vitam
1091 2606 1279 2650 Athalae
1309 2607 1384 2660 fol.
1408 2606 1629 2649 67‘—71‘.

123 2662 307 2706 continet
335 2678 388 2706 ex
417 2664 534 2717 fonte
565 2664 721 2720 optimo
753 2667 1053 2720 depromptam.

58 2746 100 2773 ιο
272 2729 445 2773 Codices
485 2731 777 2784 subsequentes
807 2731 851 2773 A
871 2733 921 2774 lb
961 2731 1093 2774 solius
1133 2731 1310 2775 alterius
1346 2731 1448 2774 libri
1480 2735 1631 2785 partes

124 2788 350 2843 continent,
384 2789 583 2845 plerique
620 2790 779 2834 scilicet
809 2795 989 2847 praeter
1019 2792 1068 2835 V.
1100 2790 1300 2834 Eustasii
1332 2790 1359 2845 (
1356 2791 1425 2844 II,
1460 2792 1627 2846 7—10)

123 2848 253 2900 finem
284 2848 385 2891 libri
418 2849 474 2902 (Ι
473 2850 511 2903 Ῑ,
540 2854 653 2891 11——
665 2851 758 2905 25),
790 2850 855 2893 ita
884 2855 931 2893 ut
962 2866 990 2894 a
1020 2850 1244 2894 miraculis
1268 2850 1630 2894 Evoriacensibus

133 2906 182 2950 V.
222 2908 410 2962 Bertulft
448 2908 624 2952 minime
664 2909 866 2953 distincta
905 2910 973 2964 sit,
1020 2911 1095 2953 sed
1135 2911 1238 2953 haec
1282 2910 1362 2953 illa
1401 2910 1450 2953 in
1490 2911 1629 2953 eodem

194 2988 292 3016 Ionas.
1366 2981 1389 3016 5
