2008 3302
374 375 487 417 tione
528 373 805 417 Chlodovechi
835 373 1141 427 Alamannica,
1184 386 1311 427 quam
1352 374 1469 427 apud
1505 372 1770 427 Greyorium,
1813 373 1875 415 H.

223 452 344 484 ·p.4oo.
372 435 454 477 Fr.
477 434 547 487 II,
572 438 642 487 30,
675 430 846 487 *parum
867 433 1092 488 diliyenter
1112 434 1281 487 leyerat,
1314 446 1500 486 exorsus,
1521 431 1687 475 incerta
1712 435 1878 475 tantum

371 494 495 546 fama
526 492 684 535 nititur
714 497 838 547 atque
869 494 920 536 de
950 494 1074 536 rebus
1105 508 1133 536 a
1165 493 1342 535 Vedaste
1370 491 1499 546 yestis
1531 496 1707 546 praeter
1731 506 1878 546 pauca

370 552 584 595 miracula
613 552 689 595 via*
719 552 944 607 quicquam
975 556 1228 606 compertum
1258 551 1421 595 habuit.
1485 551 1716 594 Praeterea
1752 551 1878 594 telam

370 626 494 654 suam
525 616 614 655 tam
644 612 804 667 raptim
835 611 1056 664 contexuit,
1098 617 1146 654 ut
1175 613 1287 666 quod
1325 611 1375 654 in
1407 610 1684 665 praefatione
1714 610 1876 666 promi·
1901 627 1919 654 5

371 676 496 725 serat,
528 671 579 714 id
607 686 818 715 enarrare
840 672 1011 715 omnino
1034 671 1187 715 oblitus
1206 671 1275 725 sit,
1307 670 1467 714 scilicet
1487 669 1696 725 oriyinem
1720 670 1874 724 sancti,

369 735 612 785 quantaque
634 731 909 784 festinatione
931 733 990 775 ad
1008 733 1138 785 finem
1162 730 1470 786 properaverit,
1492 730 1557 773 vel
1576 744 1628 773 ex
1648 729 1877 774 elocutione

368 790 629 845 intelleyitur
667 790 862 847 impolita
908 796 1032 846 atque
1070 791 1184 834 rudi.
1262 791 1336 833 Ea
1381 790 1549 833 ratione
1590 790 1639 832 V.
1681 789 1877 834 Vedastis

368 864 462 892 cum
508 851 646 893 altera
696 852 837 894 eodem
882 855 1071 905 auctore,
1120 850 1337 893 Iohannis
1383 849 1542 893 scilicet
1584 849 1874 903 Reomaensis,

369 912 662 964 comparanda
693 914 764 964 est,
798 915 837 954 et
865 911 1049 964 fortasse
1080 911 1285 953 ambabus
1316 909 1435 964 oriyo
1461 913 1522 952 est
1540 909 1722 952 similis:
1752 909 1875 952 Atre·
1902 925 1937 952 ιο

1994 0 2008 221 3

374 255 445 290 296
696 251 864 297 10NAS,
883 250 1013 287 VITA
1029 224 1284 287 VEDASTIS
1308 250 1554 288 Emscom.
1707 242 1709 245 “
1996 238 2008 559 Ῑ

368 968 570 1023 batenses,
603 974 651 1012 ut
671 974 822 1025 postea
842 970 1136 1023 Reomaenses‚
1170 971 1224 1013 ab
1250 970 1416 1013 advena
1441 969 1625 1012 litterato
1642 968 1873 1024 petierant,

366 1033 415 1072 ut
457 1029 705 1073 memoriam
737 1045 878 1084 paene
919 1030 1200 1073 oblitteratam
1231 1028 1412 1084 patroni
1451 1028 1635 1082 posteris
1674 1029 1872 1072 traderet.

367 1088 437 1131 De
475 1089 552 1132 hoc
589 1094 818 1144 praeterea
858 1089 970 1132 nihil
1001 1089 1206 1132 traditum
1225 1103 1369 1156 neque
1406 1088 1497 1131 eius
1536 1102 1690 1132 nomen
1726 1087 1876 1142 priori

367 1148 678 1215 Martyroloyii
698 1149 1038 1204 Hieronymiani
1068 1148 1306 1192 recensioni
1329 1148 1599 1215 adscriptum
1629 1152 1716 1202 est‚·
1739 1151 1874 1202 poste-

366 1207 499 1251 rioris
529 1213 668 1251 autem
699 1208 860 1252 codices
885 1208 1047 1263 sinquli
1077 1208 1192 1251 inter
1212 1223 1255 1251 se
1274 1208 1452 1251 minime
1473 1207 1738 1262 conveniunt,
1771 1221 1874 1252 nam
1901 1223 1936 1250 ιε»

367 1267 458 1311 dies
504 1273 544 1311 6.
580 1268 818 1312 Februarii
862 1269 913 1311 in
959 1268 1097 1312 codice
1144 1268 1362 1311 Bernensi
1408 1281 1529 1311 sacer
1573 1271 1635 1310 est
1679 1268 1874 1312 Vedasbi

367 1329 571 1384 episcopi
586 1328 612 1379 1,
647 1330 747 1371 dum
777 1333 814 1370 1.
843 1328 1033 1372 Octobris
1057 1328 1107 1371 in
1137 1326 1532 1382 Weissenburyensi
1555 1327 1647 1370 eius
1672 1326 1874 1382 depositio

357 1392 459 1441 post
487 1387 730 1443 Remiqium
770 1392 1118 1432 commemoratur
1147 1389 1235 1430 ita:
1276 1389 1334 1430 In
1366 1388 1612 1431 Adravetis
1643 1387 1873 1443 depositio

367 1448 494 1490 beabi
515 1449 709 1491 Vedasti
741 1449 946 1505 episcopi
985 1451 1031 1491 et
1064 1449 1338 1491 confessoris
1352 1449 1380 1500 ²,
1423 1446 1520 1490 licet
1557 1445 1787 1490 translatio
1826 1460 1874 1490 eo
1990 1492 1993 1508 ἓ

365 1506 458 1561 ipso
489 1507 557 1550 die
579 1512 729 1562 postea
761 1508 1055 1551 celebraretur.
1898 1522 1936 1548 so
1982 1564 1989 1573 Β

217 1608 338 1640 *p.402
509 1588 735 1634 *Vedastes
767 1590 817 1634 in
857 1590 1031 1634 ecclesia
1067 1590 1229 1634 maiore
1260 1589 1534 1634 Atrebatensi
1572 1589 1758 1645 sepultus
1797 1594 1869 1645 est,

364 1650 559 1704 quamvis
589 1655 712 1694 extra
741 1665 886 1693 muros
917 1650 1103 1693 civitatis
1143 1650 1401 1705 requiescere
1440 1650 1670 1704 maluisset,
1712 1649 1873 1694 scilicet

364 1709 414 1752 in
460 1710 670 1764 oratorio,
718 1712 830 1764 quod
874 1712 934 1753 ad
985 1710 1227 1753 Oriencium
1273 1710 1497 1762 fluviolum
1542 1709 1671 1752 situm
1716 1709 1872 1764 liyneis

365 1769 521 1813 tabulis
541 1769 631 1824 ipse
653 1774 959 1813 construxerat.
1007 1769 1098 1813 Hic
1118 1774 1269 1824 autem,
1291 1769 1341 1812 in
1360 1769 1561 1813 suburbio
1582 1770 1669 1812 Atr
1669 1768 1868 1822 ebatensi,

363 1829 669 1872 monasterium
700 1829 1013 1873 celeberrimum
1035 1834 1187 1884 postea
1217 1830 1410 1883 florebat,
1443 1828 1535 1872 eius
1559 1828 1727 1872 nomini
1758 1828 1871 1872 dedi·
1897 1844 1932 1871 ει

364 1894 517 1942 catum,
550 1891 663 1943 quod
691 1904 732 1932 a.
757 1893 797 1931 7.
837 1889 1091 1933 Theoderici
1121 1889 1248 1943 reyis,
1280 1889 1309 1932 i.
1343 1903 1375 1932 e.
1412 1893 1512 1931 679.
1537 1903 1585 1944 p.
1618 1888 1735 1942 Chr„
1778 1903 1870 1932 con-

364 1948 499 1992 ditum
551 1963 638 1992 esse
688 1949 922 1992 monachus
967 1949 1224 1992 Vedastinus
1269 1963 1303 1992 c.
1347 1964 1387 1992 a.
1432 1953 1532 1991 839.
1585 1948 1868 2002 affirmavit-⁵³.

363 2008 505 2051 Locus
546 2024 574 2051 a
613 2008 895 2064 scriptoribus
935 2008 1174 2052 domesticis
1207 2008 1461 2052 Nobiliacus
1500 2008 1738 2063 appellatus
1779 2007 1870 2051 iam

363 2082 472 2111 saec.
497 2069 588 2112 IX.
621 2069 685 2111 ita
717 2073 968 2122 accreverat,
1010 2073 1057 2111 ut
1095 2083 1150 2111 ur
1153 2068 1217 2111 bis
1257 2069 1459 2111 obsoletae
1498 2067 1669 2111 nomine
1712 2072 1752 2111 et
1779 2068 1870 2134 ipse

363 2128 692 2182 appellaretur&
767 2128 888 2172 Unde
927 2130 1030 2171 urbs
1070 2129 1227 2184 duplex
1258 2132 1404 2171 exorta
1445 2132 1530 2171 est:
1568 2127 1710 2170 maior
1747 2127 1870 2182 reyia
1895 2142 1932 2169 ω

365 2186 398 2241 (‘
399 2188 444 2230 la
463 2188 562 2231 ville
564 2188 598 2242 ’)
620 2188 935 2242 monasterium,
968 2187 1112 2231 minor
1136 2187 1388 2242 episcopalis
1414 2186 1450 2242 (‘
1451 2188 1495 2230 la
1516 2187 1596 2231 cite
1597 2186 1630 2242 )
1653 2186 1870 2231 ecclesiam

363 2247 570 2290 maiorem
592 2245 637 2289 S.
661 2248 842 2291 Mariae
864 2247 1052 2291 dicatam
1073 2248 1294 2302 ambiebat,
1320 2252 1542 2302 utramque
1563 2251 1703 2290 autem
1722 2261 1872 2290 murus

363 2307 634 2362 disiunyebat
645 2308 673 2349 ⁵.

216 2408 338 2440 *p.400.
508 2390 732 2434 *Codicum
764 2390 886 2434 Vitae
916 2391 1157 2434 vetustioris
1175 2405 1310 2445 yenus
1330 2395 1391 2434 est
1410 2392 1580 2447 dupleoe.
1632 2390 1737 2434 Oum
1756 2389 1870 2434 enim

365 2449 636 2506 bioyraphus,
678 2452 791 2493 unde
821 2455 994 2493 sanctus
1025 2450 1233 2505 oriyinem
1264 2450 1444 2505 duccerit,
1487 2465 1530 2494 se
1565 2455 1870 2494 enarraturum
1895 2464 1931 2492 u

364 2523 452 2553 esse
483 2509 744 2564 promiserit,
793 2525 924 2564 neque
964 2510 1014 2553 id
1048 2510 1326 2565 praestiterit,
1374 2510 1653 2565 interpolator
1682 2510 1728 2553 B
1762 2524 1870 2565 quae

366 2687 402 2732 1)
430 2687 512 2723 ΛΑ.
539 2687 602 2723 SS.
628 2687 720 2722 Nov.
742 2687 796 2730 II,
817 2689 849 2731 1,
873 2699 912 2731 p.
934 2687 1017 2732 [17].
1115 2687 1153 2733 2)
1179 2687 1237 2723 Ib.
1262 2698 1298 2730 p.
1318 2687 1426 2733 [128].
1505 2689 1542 2732 3)
1573 2687 1629 2731 Cf.
1656 2687 1869 2731 Gataloqum

365 2735 534 2769 abbatum
556 2735 638 2778 (SS.
661 2735 774 2778 XIII,
796 2746 835 2779 p.
852 2737 951 2774 382).
1025 2734 1062 2780 4)
1091 2735 1144 2778 Cf.
1172 2736 1211 2771 V.
1237 2736 1381 2769 Vedasti
1397 2736 1427 2770 G
1439 2735 1518 2779 (SS.
1540 2746 1615 2770 rer.
1636 2735 1769 2771 Meron.
1790 2734 1868 2777 HI,

358 2794 399 2827 p.
417 2784 500 2825 426,
522 2784 546 2818 l.
565 2785 648 2823 32):
665 2782 878 2817 Nobiliacus
894 2803 942 2808 —
960 2803 1004 2807 —
1021 2782 1244 2827 procedente
1261 2786 1429 2827 tempore
1445 2785 1523 2817 tam
1539 2782 1689 2827 insignis
1706 2781 1866 2828 effectus,

365 2832 407 2864 ut
431 2830 531 2864 urbis
556 2830 716 2875 nomine,
751 2841 843 2875 quae
867 2830 941 2865 iam
974 2829 1088 2864 ruinis
1113 2831 1358 2865 crebrioribus
1382 2842 1499 2875 paene
1523 2830 1744 2875 obsoluerat,
1768 2829 1866 2865 voci·
1890 2835 1928 2862 ω

364 2880 475 2914 tetur.
573 2878 610 2924 5)
647 2879 704 2921 Cf.
731 2879 887 2922 Merian,
918 2879 1177 2923 Topoyraphia
1201 2879 1325 2912 circuli
1349 2879 1590 2923 Buryundici,
1622 2877 1868 2920 Franoofurti
