2008 3302
401 272 445 307 76
686 268 854 314 IONAS,
872 269 1036 305 VITAE
1063 269 1369 306 OOLUMBANI
1393 270 1538 306 LIBRI
1562 270 1614 307 H.
1684 295 1689 300 -

401 391 528 434 huius
566 391 765 444 familiae
805 390 930 433 libris
970 392 1092 433 deest.
1164 390 1304 434 Codex
1332 391 1469 446 iqitur
1498 392 1674 446 quidam
1704 392 1742 435 A
1770 395 1817 435 16
1847 393 1907 435 ad

401 451 581 493 alterum
612 451 827 504 exemplar
846 450 891 492 B
916 454 1127 493 correctus
1157 455 1196 493 et
1225 464 1277 493 esc
1306 451 1398 504 ipso
1429 456 1578 495 auctus
1608 451 1775 494 videtur
1804 465 1904 494 esse.

548 521 798 576 Scripturae
828 521 1036 575 specimen
1068 522 1184 564 dedit
1212 522 1390 565 Lawlor
1422 524 1505 566 tab.
1535 523 1732 566 XVIII.

546 593 588 635 A
617 592 767 647 lc****)
807 593 945 636 Codex
986 593 1345 636 Monacensis
1383 608 1426 636 n.
1463 598 1601 636 17137
1644 592 1908 647 (Scheftlarn
1995 591 1997 609 ³

403 669 445 696 n.
474 653 586 706 137),
618 667 726 696 saec.
763 653 881 706 XII,
916 653 1081 696 exhibet
1933 670 1950 697 5

546 725 621 778 fol.
649 729 901 767 178-188.
937 725 984 767 V.
1026 724 1277 768 Golumbani
1308 724 1464 767 librum
1495 725 1531 767 I
1567 723 1769 780 (praescr.
1803 725 1908 768 Pro·
1992 760 1995 764 ,

404 786 537 841 logus
570 785 711 827 Ionae
749 785 798 826 in
830 786 973 827 vitam
1007 786 1156 828 sancti
1188 783 1479 839 Columbani)
1513 786 1668 839 absque
1708 784 1908 828 laterculo
1991 780 1997 787 ⁹

406 844 590 899 capitum
615 848 654 887 et
671 844 1096 899 praescriptionibus,
1124 844 1213 886 nisi
1238 845 1350 898 quod
1374 845 1413 898 I,
1434 851 1468 886 1.
1487 843 1763 900 praescripta
1787 848 1910 886 sunt:

406 905 539 947 Alius
571 905 790 960 prologus
821 905 870 946 in
896 905 1047 960 ipsum
1075 905 1260 955 librum,
1294 904 1334 957 I,
1360 908 1399 946 2.
1424 905 1535 947 Vita
1560 919 1594 947 s.
1619 904 1908 955 Columbani‚

406 968 528 1017 atque
554 963 873 1019 praetermissis
904 967 942 1006 et
971 963 1279 1019 subscriptione
1310 968 1348 1006 et
1378 963 1654 1017 carminibus,
1938 980 1972 1006 ιο
1994 1011 1995 1016 ¹

549 1035 624 1087 fol.
654 1038 906 1076 188—190.
940 1035 988 1077 V.
1022 1035 1209 1077 Atlzalae
1248 1034 1335 1088 (ΙΙ,
1363 1039 1444 1076 1—
1459 1035 1502 1088 6)
1542 1050 1634 1078 una
1665 1049 1758 1078 cum
1789 1035 1911 1078 later-

407 1094 498 1137 culo
539 1096 598 1136 ad
628 1108 661 1136 c.
687 1098 711 1135 6
755 1093 958 1147 (praescr.
999 1094 1241 1150 Incipiunt
1283 1095 1489 1151 capitula
1526 1095 1636 1138 libri
1676 1095 1911 1150 sequentis

406 1155 455 1196 in
487 1155 631 1196 vitam
655 1155 804 1196 sancti
826 1154 1016 1196 Attalae
1039 1154 1234 1204 abbatis,
1269 1155 1348 1210 qui
1369 1155 1464 1196 fuit
1486 1155 1741 1211 discipulus
1762 1155 1912 1197 sancti

409 1213 698 1256 Columbani.
727 1210 973 1269 Capitula)‚
1006 1215 1082 1255 sed
1107 1214 1262 1268 absque
1285 1213 1700 1268 praescriptionibus
1728 1212 1913 1268 capitum

409 1273 612 1375 (prgetstcrl.
638 1274 746 1387 V)ita
778 1274 928 1316 sancti
949 1273 1138 1316 Attalae
1172 1274 1368 1325 abbatis,
1402 1274 1561 1317 subscr.
1584 1273 1788 1330 Explicit
1815 1273 1913 1316 vita
1939 1289 1973 1317 ιε

410 1348 443 1375 s.
566 1348 593 1375 a
614 1347 667 1376 ae
687 1363 695 1372 .

553 1403 778 1458 Epistulae
799 1405 913 1447 locus
936 1419 1038 1447 cum
1060 1405 1189 1447 facta
1210 1429 1269 1433 —
1285 1405 1497 1448 edisserit
1517 1404 1632 1448 inter
1647 1405 1775 1448 verba
1791 1403 1848 1459 (I,
1872 1404 1912 1458 1)

409 1465 619 1507 turbines
646 1468 684 1506 et
708 1478 863 1507 eorum
892 1465 970 1519 qui
997 1467 1193 1507 nutante
1217 1462 1395 1518 (tuante
1417 1461 1562 1506 ΑΒΜ.
1592 1464 1715 1516 3**⁸*‚
1747 1467 1913 1508 tnante

410 1524 453 1566 A
472 1520 531 1565 3**
568 1537 651 1579 pro
682 1521 954 1577 fluctuante)
995 1524 1179 1577 exemplo
1220 1523 1370 1567 classis
1400 1522 1442 1564 A
1465 1529 1490 1565 3
1533 1523 1816 1578 transpositus
1855 1527 1916 1567 est

411 1587 623 1637 textusque
654 1584 713 1626 ad
743 1584 783 1637 Ι,
803 1587 841 1625 2.
874 1583 943 1626 illi
974 1587 1080 1626 certe
1111 1583 1404 1626 attribuendus
1423 1588 1494 1637 est,
1526 1585 1601 1626 sed
1632 1583 1734 1627 inde
1763 1598 1792 1626 a
1813 1583 1853 1636 Ι,
1874 1587 1911 1626 3.
1940 1600 1976 1627 ιο
2005 1591 2008 1593 “

412 1642 548 1697 ipsius
579 1642 769 1685 condicio
800 1647 885 1685 tota
915 1647 1116 1696 mutatur,
1150 1658 1252 1686 nam
1282 1645 1383 1686 ordo
1408 1645 1629 1686 verborum
1653 1642 1716 1686 ibi
1739 1642 1914 1686 minime
1972 1681 1981 1693 „
2003 1686 2008 1696 ,,

403 1704 683 1758 perturbatus
727 1707 797 1756 est,
846 1706 970 1756 atque
1015 1702 1209 1756 deinceps
1248 1707 1349 1745 nota
1385 1702 1555 1758 generis
1585 1703 1630 1746 A
1650 1707 1697 1746 16
1734 1701 1915 1757 vestiyia

411 1766 631 1816 apparent,
654 1762 781 1804 veluti
802 1777 835 1805 c.
859 1767 924 1804 16.
947 1763 1059 1805 deest
1078 1767 1117 1805 et
1137 1777 1170 1805 c.
1189 1766 1260 1804 22.
1280 1762 1433 1805 verba:
1453 1762 1650 1806 Factum
1666 1785 1726 1792 —-
1741 1762 1914 1806 adisset

412 1823 585 1865 scafam
626 1821 884 1878 interpolata
923 1826 1035 1864 sunt.
1107 1822 1302 1865 Alterius
1341 1835 1500 1876 quoque
1541 1821 1643 1865 libri
1683 1826 1818 1865 textus
1857 1822 1917 1864 ad
2001 1868 2003 1871 ,

410 1883 587 1924 eandem
617 1881 834 1934 familiam
866 1881 1063 1935 pertinet,
1102 1881 1296 1936 quamvis
1325 1882 1606 1936 interpolatus
1637 1880 1731 1936 (II,
1758 1885 1795 1924 1.
1827 1882 1914 1925 uti·
1939 1898 1976 1925 π
2006 1913 2008 1916 -

410 1938 573 1997 litatis]
606 1942 657 1983 in
688 1942 1002 1984 saecularibus
1033 1942 1163 1985 libris
1195 1943 1333 1997 add).
2005 1939 2008 1943 ⁴

555 2013 698 2068 Amy
734 2013 874 2056 Codex
901 2013 1374 2068 Guelferbytanus
1403 2013 1518 2056 inter
1543 2027 1672 2056 novos
1699 2027 1743 2055 n.
1763 2016 1863 2065 404,
1877 2023 1912 2066 2,

411 2087 518 2116 saec.
545 2072 664 2126 XII,
696 2074 966 2116 membranas
998 2074 1047 2116 de
1079 2073 1332 2127 teqminibus
1363 2073 1569 2116 librorum
1591 2074 1803 2116 detractas
1823 2086 1915 2115 con-

411 2132 565 2186 tinens,
598 2133 646 2176 V.
680 2132 880 2175 Eustasii
909 2132 1190 2186 interpolatae
1222 2132 1467 2187 particulas
1497 2132 1672 2186 exhibet,
1704 2131 1916 2186 incipiens

411 2207 439 2235 a
470 2192 609 2235 verbis
637 2191 642 2246 Ι
669 2194 866 2236 virtutes
893 2193 1090 2249 largitus
1113 2196 1183 2236 est
1204 2216 1275 2244 —‚
1310 2193 1390 2248 qui
1410 2194 1458 2235 in
1483 2193 1622 2236 caelis
1644 2194 1716 2235 est
1741 2189 1913 2244 (Praef'.
1941 2207 1976 2234 no

410 2252 604 2305 interpol.
632 2267 665 2295 6.
693 2251 750 2307 1),
776 2252 997 2295 desinens:
1023 2253 1096 2296 vel
1119 2254 1338 2295 Amatum
1364 2254 1569 2309 repedat,
1596 2254 1651 2294 ut
1679 2249 1684 2307 Ι
1714 2249 1804 2305 (ΙΙ,
1826 2250 1914 2306 10).

418 2311 522 2354 Cum
555 2311 692 2354 codice
717 2313 760 2354 A
777 2316 822 2354 16
849 2326 940 2355 cum
967 2311 1084 2366 alibi,
1118 2316 1204 2354 tum
1231 2313 1302 2366 ΙΙ,
1326 2317 1366 2354 9.
1389 2326 1453 2355 ex.
1476 2307 1673 2367 discisci]
1702 2311 1913 2363 discindi,

412 2371 616 2413 convenit.

555 2443 598 2483 A
618 2439 719 2497 lest)
759 2442 899 2485 Codex
925 2442 1357 2496 Bamberqensis
1384 2443 1544 2495 EIII,
1565 2446 1590 2484 9
1628 2439 1780 2494 (Misc.
1816 2441 1914 2484 hist.

416 2500 535 2555 141),
582 2516 689 2544 saec.
717 2501 822 2544 XV.
856 2515 933 2555 ex„
983 2516 1086 2555 opus
1131 2502 1335 2544 Andreae
1381 2501 1548 2545 abbatis
1595 2502 1639 2544 S.
1682 2500 1916 2544 Michaelis
1940 2517 1975 2544 ³⁶

411 2560 744 2615 Bamberqensis
777 2559 838 2613 (a.
866 2565 977 2603 1483
990 2563 1188 2615 —1502)
1222 2563 1272 2604 de
1302 2560 1463 2604 sanctis
1503 2560 1671 2604 ordinis
1703 2561 1747 2603 S.
1780 2559 1916 2603 Bene-

412 2620 514 2663 dicti
539 2620 770 2674 continens,
802 2620 917 2663 inter
933 2620 1178 2674 particulas
1202 2635 1254 2663 ex
1285 2620 1499 2664 Vincentii
1526 2621 1701 2675 Speculo
1725 2619 1824 2663 hist.
1851 2621 1915 2663 de-

403 2684 628 2735 promptas
657 2680 731 2733 fol.
765 2681 1026 2723 117—118‘.
1070 2678 1116 2721 V.
1149 2680 1347 2734 Athalae,
1389 2681 1464 2733 fol.
1492 2685 1574 2723 126
1587 2683 1750 2723 -129,
1793 2679 1916 2723 Vitae

412 2740 690 2794 interpolatae
714 2739 914 2783 Eustasii
945 2744 1080 2783 textus
1103 2741 1253 2793 plenos
1284 2740 1459 2794 eoehibet,
1492 2740 1567 2795 qui
1597 2754 1618 2782 e
1649 2739 1789 2783 codice
1819 2752 1914 2793 quo-

412 2801 512 2843 dam
542 2800 585 2841 A
606 2804 653 2843 16
675 2800 886 2853 pendent:
1939 2814 1976 2841 ιο

463 2871 533 2923 ΙΙ,
554 2876 593 2914 9.
655 2868 911 2926 faciditate]
944 2872 1122 2915 facecia
1151 2871 1194 2913 A
1215 2868 1299 2914 16Τ’Γ
1332 2886 1424 2915 cum
1454 2871 1497 2914 A
1518 2875 1577 2926 16,

462 2931 531 2984 ΙΙ,
556 2936 621 2973 10.
655 2932 913 2974 construxit
945 2953 999 2959 ——
1034 2928 1252 2987 pollente]
1287 2945 1366 2974 om.
1398 2931 1441 2973 A
1463 2929 1546 2974 lc's's
1578 2944 1672 2974 cum
1702 2929 1746 2972 A
1766 2934 1825 2973 lc.
