2008 3302
7 708 21 739 ιΙ

10 747 28 785 vi>

486 223 654 270 IONAS,
671 223 801 261 VITA
817 223 1072 261 VEDASTIS
1097 222 1343 261 EPISOOPI.
1391 215 1394 218 “
1599 224 1671 261 305

163 347 358 392 animum
398 347 458 391 ad
495 347 608 391 banc
639 352 809 402 partem
849 348 1058 391 adducere
1097 346 1215 389 nisos
1255 360 1342 389 esse
1379 344 1507 389 etiam
1537 358 1589 388 ex
1619 359 1671 388 ea

163 422 289 462 quam
315 411 417 462 post
446 407 699 461 baptismum
724 407 882 450 Avitus
912 406 1127 461 episcopus
1158 405 1413 449 Viennensis
1444 406 1504 449 ad
1532 419 1671 460 reyem

164 469 339 511 dederat
368 466 551 521 epistula
579 466 868 522 gratulatoria
883 467 898 492 1
928 466 1202 520 intelleyi-tur.
1269 466 1458 519 Utraque
1488 464 1670 520 epistula

163 527 278 570 inter
291 541 335 570 se
351 526 644 581 consentiente,
662 526 855 570 dubit-ari
872 526 946 569 vix
961 525 1068 580 licet,
1091 525 1209 580 quin,
1225 525 1472 579 praemissa
1493 524 1669 580 optione,

121 603 139 630 5
162 591 306 630 utrum
327 586 599 630 Arianorum
631 601 691 630 an
723 585 930 629 catholica
961 587 1069 639 fides
1095 585 1379 641 approbanda
1410 589 1525 639 esset,
1557 585 1671 628 hanc

163 660 240 690 rex
264 645 444 700 eleyerit.
498 646 632 701 Apud
657 645 914 701 Greyorium
927 647 944 672 ²
964 659 1061 688 vero
1087 645 1137 688 de
1157 644 1430 688 Arianorum
1452 644 1673 688 conatibus

163 721 217 750 ne
246 706 416 749 verbum
442 706 610 760 quidem
632 705 796 760 leyitur,
830 707 905 749 sed
929 705 969 748 is
996 709 1186 748 eventum
1207 709 1337 747 totum
1364 704 1672 748 Chrotechildis

163 765 340 821 reyinae
377 765 607 810 catholicae
637 765 962 820 praedicationi
1001 769 1172 819 votoque
1213 764 1421 819 attribuit,
1464 765 1576 819 quod
1614 765 1674 807 ad

162 825 388 870 victoriam
417 825 732 880 impetrandam
770 825 821 868 in
853 825 955 868 bello
984 824 1274 868 Alamannico
1305 838 1383 867 rex
1412 825 1673 867 vehementer

103 902 140 928 ιο
158 884 428 941 periclitatus
447 885 636 928 vovisset.
701 884 915 929 Victorias
935 884 1050 940 reyis
1071 884 1281 940 baptizati
1302 884 1498 927 Nicetius
1524 885 1673 938 plures

163 945 510 999 commemoravit,
558 945 723 989 nullam
768 959 866 988 vero
897 944 1235 988 Alamannieum
1274 959 1357 998 per
1386 949 1525 987 votum
1563 943 1675 987 illud

164 1004 415 1049 catholicum
454 1006 648 1059 relatam,
691 1019 864 1059 cumque
903 1006 1016 1048 lianc
1055 1019 1160 1048 sane
1191 1018 1277 1059 pro
1317 1003 1672 1057 manifestissimo

163 1064 372 1108 miraculo
402 1065 641 1108 habendam
681 1079 769 1108 esse
810 1065 963 1119 neyari
1008 1065 1083 1107 vix
1119 1065 1270 1119 possit,
1319 1064 1359 1108 si
1404 1079 1473 1107 res
1518 1079 1562 1107 se
1607 1063 1672 1106 ita

163 1124 420 1179 habuissent,
455 1124 625 1168 Nicetio
665 1125 779 1168 hanc
822 1139 967 1168 rerum
997 1129 1201 1168 naturam
1242 1124 1504 1179 incoynitam
1534 1124 1673 1178 fuisse

104 1200 139 1226 ιο
164 1184 377 1228 concludo.
440 1185 580 1227 Porro
620 1184 660 1228 si
699 1189 790 1227 voto
829 1184 904 1227 illo
945 1185 1005 1228 ad
1041 1186 1169 1238 fidem
1210 1184 1460 1228 catholicam
1491 1199 1568 1227 rex
1599 1185 1671 1227 ad-

163 1244 337 1288 strictus
367 1249 482 1299 esset,
515 1246 718 1299 quom-odo
741 1244 869 1288 Avito
891 1249 988 1288 teste
1007 1245 1099 1298 fere
1119 1245 1169 1287 in
1194 1245 1389 1288 ultimum
1419 1248 1670 1287 momentum

164 1304 341 1357 differre
374 1309 546 1359 poterat
588 1304 767 1348 liberum
806 1319 930 1348 suum
960 1304 1225 1348 arbitrium?
1287 1304 1531 1348 Enarratio
1568 1304 1671 1348 Gre-

161 1363 350 1419 yoriana
380 1364 480 1407 cum'
504 1368 684 1418 utraque
708 1364 890 1419 epistula
915 1364 1142 1408 conciliari
1161 1365 1308 1419 nequit
1328 1364 1672 1418 contrariamque

163 1428 354 1468 statuens
374 1424 616 1479 opinionem
644 1424 697 1467 G.
721 1425 870 1467 Kurth
891 1429 972 1467 toto
992 1424 1165 1478 fallitur
1185 1425 1311 1468 caelo.
1366 1424 1472 1468 Cum
1492 1423 1672 1467 victoria

104 1500 141 1526 20
164 1483 459 1527 Alamannica
500 1483 752 1538 baptismum
791 1484 968 1527 minime
1008 1484 1231 1528 cohaerere
1269 1499 1429 1528 mecum
1469 1483 1674 1528 consentit

164 1543 223 1586 A.
254 1544 426 1587 Hauck.
495 1544 638 1587 Facta
678 1543 854 1598 optione,
901 1548 1192 1599 competentem
1206 1545 1222 1570 3
1268 1543 1584 1588 Ghlodovechus
1629 1558 1672 1586 se

155 1603 383 1660 professus
428 1608 490 1647 est
534 1608 773 1658 certumque
819 1603 986 1647 dierum
1032 1618 1255 1647 numerum
1306 1605 1561 1659 expectabat,
1614 1605 1675 1647 ad

165 1663 364 1718 baptismi
383 1668 656 1707 sacramenta
680 1678 723 1707 se
738 1678 1031 1719 praeparans.
1091 1664 1289 1708 Caesarii
1309 1665 1450 1707 adhuc
1470 1664 1673 1707 habemus

165 1723 226 1767 ad
244 1727 514 1778 competentes
535 1737 766 1767 sermonem
783 1723 1116 1768 exhortatorium
1128 1725 1156 1779 4,
1180 1724 1254 1779 qui
1266 1724 1470 1780 paschali
1491 1728 1673 1778 tempore

105 1799 140 1824 25
164 1783 214 1827 in
245 1783 492 1840 baptisterio
525 1783 866 1838 baptizabantur,
907 1785 1020 1827 unde
1060 1784 1188 1827 etiam
1227 1798 1367 1839 reyem
1398 1784 1672 1827 Francorum

166 1843 306 1886 eodem
336 1847 518 1898 tempore
548 1843 807 1898 baptizatum
838 1858 924 1887 esse
953 1843 1137 1887 tradidit
1159 1844 1454 1899 Fredeyarius
1474 1844 1574 1898 III,
1599 1847 1670 1886 21.

165 1902 280 1946 Eius
308 1917 407 1946 vero
438 1903 670 1957 baptismus
700 1918 729 1946 a
758 1903 848 1946 ritu
872 1903 1085 1947 communi
1115 1904 1369 1947 omnimodis
1390 1904 1671 1958 discrepabat.

166 1962 316 2006 Primo
355 1962 597 2006 nativitatis
637 1963 820 2006 Domini
859 1963 950 2006 dies
988 1963 1076 2018 ipsi
1115 1969 1355 2007 reservatus
1401 1968 1472 2018 est,
1520 1964 1673 2007 deinde

165 2037 347 2090 maynus
379 2022 632 2077 pontificum
668 2027 894 2066 conventus
930 2038 1022 2067 eum
1064 2024 1307 2078 baptizavit.
1371 2024 1494 2067 Haec
1524 2028 1674 2067 auctor

105 2098 141 2124 ao
166 2081 338 2125 omnino
368 2082 561 2137 aequalis
593 2087 770 2126 testatur
799 2082 968 2126 Avitus.
1021 2084 1205 2127 Falsum
1234 2084 1369 2139 iyitur
1399 2084 1553 2127 iterum
1585 2098 1672 2127 esse

166 2146 343 2197 oportet,
392 2142 441 2186 id
485 2144 597 2197 quod
648 2142 884 2198 Greyorius
929 2143 1110 2198 rettulit,
1168 2159 1196 2187 a
1242 2143 1439 2199 Remiyio
1482 2143 1674 2210 episcopo

166 2201 368 2245 Remensi
399 2203 485 2246 solo
517 2217 656 2258 regem
680 2203 801 2246 unda
821 2203 1007 2246 salutari
1028 2203 1155 2246 lotum
1177 2218 1276 2257 esse,
1311 2202 1446 2247 ‘'clam
1469 2219 1498 2247 a
1518 2203 1673 2258 reyina

167 2262 382 2306 arcessito.

316 2334 422 2378 Cum
466 2334 601 2390 iyitur
646 2349 675 2377 a
721 2334 898 2378 concilio
944 2334 1228 2390 episcoporum
1275 2335 1575 2379 catholicorum
1621 2349 1675 2378 ex

107 2409 142 2436 3⁶
168 2399 254 2438 tota
284 2394 434 2438 Gallia
465 2398 699 2448 convocato,
733 2394 802 2438 cui
822 2395 978 2438 Avitus
1008 2395 1227 2451 episcopus
1263 2395 1513 2439 Viennensis
1542 2395 1672 2438 inter-

167 2469 255 2498 esse
285 2468 373 2497 non
394 2458 578 2510 poterat,
614 2454 928 2498 Ghlodovechus
953 2455 1194 2509 baptizatus
1219 2455 1277 2498 sit
1300 2470 1432 2510 neque
1457 2456 1516 2498 ad
1538 2470 1671 2498 unum

168 2513 425 2569 Remiyium,
463 2515 538 2557 sed
566 2516 626 2558 ad
654 2529 797 2558 omnes
827 2515 902 2569 qui
945 2520 1230 2559 convenerant
1257 2530 1398 2558 servos
1429 2515 1516 2558 Dei
1548 2519 1675 2569 caput

171 2667 206 2714 1)
241 2667 312 2703 Ed.
336 2667 476 2712 Peiper,
501 2667 604 2703 Auct.
629 2668 741 2712 antiq.
767 2667 831 2710 VI,
858 2679 898 2712 p.
926 2670 972 2705 75
983 2679 1035 2713 sq.
1094 2668 1206 2703 Locos
1237 2669 1431 2703 nonnullos
1462 2669 1671 2711 emendavit,

168 2716 230 2751 sed
259 2726 339 2749 cum
373 2715 448 2748 alia
482 2715 609 2748 menda
642 2719 719 2749 tum
753 2715 928 2750 lectionem
962 2716 1197 2761 depravatam
1233 2716 1364 2761 legisse
1399 2718 1567 2750 nostrum
1598 2726 1674 2760 pro

107 2770 146 2796 4ο
169 2763 263 2809 legis
286 2766 434 2798 nostrae
457 2764 621 2806 servavit,
647 2763 838 2797 decessoris
852 2766 914 2797 sui
928 2765 1086 2808 eoeemplo
1102 2765 1256 2798 nimium
1280 2765 1382 2807 fisus,
1407 2763 1454 2799 H.
1475 2763 1671 2807 chevalier,

172 2810 340 2846 ‘Oeuvres
364 2810 544 2854 completes
578 2811 620 2844 de
653 2812 752 2844 saint
776 2812 884 2855 Avit’,
911 2811 1088 2855 Luqduni
1111 2813 1216 2855 1890,
1236 2823 1277 2856 p.
1298 2814 1376 2848 190.
1475 2812 1512 2854 2)
1552 2811 1673 2855 Grey„

170 2860 220 2894 H.
245 2860 312 2896 Fr.
333 2859 387 2903 II,
404 2860 451 2895 29
464 2870 537 2903 sqq.
611 2859 648 2901 3)
676 2858 746 2903 Ep.
769 2859 871 2893 Aviti
894 2860 939 2903 (l.
957 2860 980 2895 l.
1003 2871 1040 2904 p.
1060 2861 1117 2902 75,
1135 2861 1212 2903 27).
1284 2859 1321 2905 4)
1348 2859 1471 2903 Miyne
1486 2859 1673 2902 XXXIX,

170 2908 231 2944 col.
250 2909 356 2944 2242.
399 2907 456 2950 Cf.
483 2906 522 2943 V.
543 2907 708 2941 Caesarii
731 2906 783 2948 II,
802 2908 847 2942 17
872 2907 954 2949 (SS.
981 2918 1052 2942 rer.
1078 2907 1212 2944 Mei-ov.
1238 2908 1312 2951 III,
1334 2919 1373 2952 p.
1391 2909 1491 2947 490).

242 2979 339 3006 Ionas.
1386 2969 1432 3003 20
