<?xml version="1.0" encoding="UTF-8"?>
<!DOCTYPE html PUBLIC "-//W3C//DTD XHTML 1.0 Transitional//EN"
    "http://www.w3.org/TR/xhtml1/DTD/xhtml1-transitional.dtd">
<html xmlns="http://www.w3.org/1999/xhtml" xml:lang="en" lang="en">
 <head>
  <title>
</title>
<meta http-equiv="Content-Type" content="text/html;charset=utf-8" />
  <meta name='ocr-system' content='tesseract 3.04.00' />
  <meta name='ocr-capabilities' content='ocr_page ocr_carea ocr_par ocr_line ocrx_word'/>
</head>
<body>
  <div class='ocr_page' id='page_1' title='image "./ionaevitaesancto37jonauoft_0089.png"; bbox 0 0 2008 3302; ppageno 0'>
   <div class='ocr_carea' id='block_1_1' title="bbox 402 251 1624 298">
    <p class='ocr_par' dir='ltr' id='par_1_1' title="bbox 402 251 1624 298">
     <span class='ocr_line' id='line_1_1' title="bbox 402 251 1624 298; baseline 0.002 -9"><span class='ocrx_word' id='word_1_1' title='bbox 402 252 570 298; x_wconf 86' lang='lat' dir='ltr'><strong><em>IONAS,</em></strong></span> <span class='ocrx_word' id='word_1_2' title='bbox 589 251 751 288; x_wconf 86' lang='lat' dir='ltr'>VITAE</span> <span class='ocrx_word' id='word_1_3' title='bbox 778 251 1086 289; x_wconf 79' lang='lat' dir='ltr'><strong><em>COLUMBAM</em></strong></span> <span class='ocrx_word' id='word_1_4' title='bbox 1110 253 1256 289; x_wconf 85' lang='lat' dir='ltr'>LIBRI</span> <span class='ocrx_word' id='word_1_5' title='bbox 1282 254 1334 291; x_wconf 84' lang='grc' dir='ltr'><em>ΙΙ.</em></span> <span class='ocrx_word' id='word_1_6' title='bbox 1580 258 1624 292; x_wconf 86' lang='grc'><em>73</em></span> 
     </span>
    </p>
   </div>
   <div class='ocr_carea' id='block_1_2' title="bbox 8 374 1629 863">
    <p class='ocr_par' dir='ltr' id='par_1_2' title="bbox 8 374 1629 856">
     <span class='ocr_line' id='line_1_2' title="bbox 261 374 1626 430; baseline 0.001 -11"><span class='ocrx_word' id='word_1_7' title='bbox 261 376 305 419; x_wconf 86' lang='grc' dir='ltr'><strong><em>Α</em></strong></span> <span class='ocrx_word' id='word_1_8' title='bbox 332 377 380 418; x_wconf 91' lang='lat' dir='ltr'><em>lb</em></span> <span class='ocrx_word' id='word_1_9' title='bbox 396 374 429 430; x_wconf 83' lang='lat'><em>⁹)</em></span> <span class='ocrx_word' id='word_1_10' title='bbox 471 374 610 418; x_wconf 65' lang='lat' dir='ltr'><em>Codes:</em></span> <span class='ocrx_word' id='word_1_11' title='bbox 635 375 1108 430; x_wconf 71' lang='lat' dir='ltr'><em>Enyelberyensis</em></span> <span class='ocrx_word' id='word_1_12' title='bbox 1135 376 1389 420; x_wconf 88' lang='lat' dir='ltr'><em>monasterii</em></span> <span class='ocrx_word' id='word_1_13' title='bbox 1414 391 1456 420; x_wconf 90' lang='lat' dir='ltr'><em>n.</em></span> <span class='ocrx_word' id='word_1_14' title='bbox 1482 381 1507 419; x_wconf 85' lang='lat'><strong>2</strong></span> <span class='ocrx_word' id='word_1_15' title='bbox 1535 377 1626 430; x_wconf 85' lang='lat' dir='ltr'><em>(an—</em></span> 
     </span>
     <span class='ocr_line' id='line_1_3' title="bbox 119 432 1627 491; baseline 0 -11"><span class='ocrx_word' id='word_1_16' title='bbox 119 440 186 480; x_wconf 80' lang='lat' dir='ltr'><em>tea</em></span> <span class='ocrx_word' id='word_1_17' title='bbox 216 450 259 479; x_wconf 91' lang='lat' dir='ltr'><em>n.</em></span> <span class='ocrx_word' id='word_1_18' title='bbox 287 432 392 490; x_wconf 76' lang='lat' dir='ltr'><em>ll4),</em></span> <span class='ocrx_word' id='word_1_19' title='bbox 425 449 534 478; x_wconf 87' lang='lat' dir='ltr'><em>saec.</em></span> <span class='ocrx_word' id='word_1_20' title='bbox 565 435 684 486; x_wconf 90' lang='lat' dir='ltr'><strong><em>XII,</em></strong></span> <span class='ocrx_word' id='word_1_21' title='bbox 717 436 792 488; x_wconf 82' lang='lat' dir='ltr'><em>fol.</em></span> <span class='ocrx_word' id='word_1_22' title='bbox 817 436 951 478; x_wconf 73' lang='lat'><em>40¹—</em></span> <span class='ocrx_word' id='word_1_23' title='bbox 963 440 1031 489; x_wconf 82' lang='lat'><em>43,</em></span> <span class='ocrx_word' id='word_1_24' title='bbox 1065 437 1200 479; x_wconf 86' lang='lat' dir='ltr'><em>solam</em></span> <span class='ocrx_word' id='word_1_25' title='bbox 1231 437 1278 479; x_wconf 90' lang='lat' dir='ltr'><em>V.</em></span> <span class='ocrx_word' id='word_1_26' title='bbox 1313 436 1503 491; x_wconf 73' lang='lat' dir='ltr'><em>Bertulfi</em></span> <span class='ocrx_word' id='word_1_27' title='bbox 1534 451 1627 480; x_wconf 85' lang='lat' dir='ltr'><em>cum</em></span> 
     </span>
     <span class='ocr_line' id='line_1_4' title="bbox 37 494 1629 551; baseline 0.001 -12"><span class='ocrx_word' id='word_1_28' title='bbox 37 504 40 507; x_wconf 82' lang='lat'><strong><em>‘</em></strong></span> <span class='ocrx_word' id='word_1_29' title='bbox 117 495 340 539; x_wconf 77' lang='lat' dir='ltr'><strong><em>miraculis</em></strong></span> <span class='ocrx_word' id='word_1_30' title='bbox 370 494 686 548; x_wconf 76' lang='lat' dir='ltr'><em>insequentibus</em></span> <span class='ocrx_word' id='word_1_31' title='bbox 716 495 891 548; x_wconf 67' lang='lat' dir='ltr'><em>exhibet,</em></span> <span class='ocrx_word' id='word_1_32' title='bbox 928 495 1087 539; x_wconf 84' lang='lat' dir='ltr'><em>scilicet</em></span> <span class='ocrx_word' id='word_1_33' title='bbox 1118 496 1189 549; x_wconf 78' lang='lat' dir='ltr'><em>II,</em></span> <span class='ocrx_word' id='word_1_34' title='bbox 1215 501 1339 539; x_wconf 80' lang='grc'><em>23-</em></span> <span class='ocrx_word' id='word_1_35' title='bbox 1353 500 1422 550; x_wconf 82' lang='grc'><em>25,</em></span> <span class='ocrx_word' id='word_1_36' title='bbox 1456 511 1629 551; x_wconf 83' lang='lat' dir='ltr'><em>cumque</em></span> 
     </span>
     <span class='ocr_line' id='line_1_5' title="bbox 35 554 1629 612; baseline 0.001 -13"><span class='ocrx_word' id='word_1_37' title='bbox 35 554 37 557; x_wconf 74' lang='grc'><strong>’</strong></span> <span class='ocrx_word' id='word_1_38' title='bbox 118 559 253 599; x_wconf 77' lang='lat' dir='ltr'><em>textus</em></span> <span class='ocrx_word' id='word_1_39' title='bbox 283 554 347 598; x_wconf 86' lang='lat' dir='ltr'><em>ita</em></span> <span class='ocrx_word' id='word_1_40' title='bbox 378 554 568 597; x_wconf 86' lang='lat' dir='ltr'><em>desinat:</em></span> <span class='ocrx_word' id='word_1_41' title='bbox 600 556 722 598; x_wconf 90' lang='lat' dir='ltr'><em>dona</em></span> <span class='ocrx_word' id='word_1_42' title='bbox 747 556 841 597; x_wconf 87' lang='lat' dir='ltr'><em>sint</em></span> <span class='ocrx_word' id='word_1_43' title='bbox 865 558 948 597; x_wconf 86' lang='lat' dir='ltr'><em>aut</em></span> <span class='ocrx_word' id='word_1_44' title='bbox 974 556 1068 598; x_wconf 89' lang='lat' dir='ltr'><em>sint</em></span> <span class='ocrx_word' id='word_1_45' title='bbox 1093 557 1372 612; x_wconf 84' lang='lat' dir='ltr'><em>recipienda,</em></span> <span class='ocrx_word' id='word_1_46' title='bbox 1407 558 1487 612; x_wconf 92' lang='lat' dir='ltr'><em>qui</em></span> <span class='ocrx_word' id='word_1_47' title='bbox 1513 558 1629 600; x_wconf 86' lang='lat' dir='ltr'><em>talia</em></span> 
     </span>
     <span class='ocr_line' id='line_1_6' title="bbox 27 614 1628 671; baseline 0.001 -12"><span class='ocrx_word' id='word_1_48' title='bbox 27 664 29 666; x_wconf 48' lang='grc'>,</span> <span class='ocrx_word' id='word_1_49' title='bbox 65 614 95 660; x_wconf 72' lang='grc' dir='ltr'><strong><em>ὀ</em></strong></span> <span class='ocrx_word' id='word_1_50' title='bbox 118 616 295 666; x_wconf 82' lang='lat' dir='ltr'><em>abnuit,</em></span> <span class='ocrx_word' id='word_1_51' title='bbox 330 630 389 657; x_wconf 86' lang='lat' dir='ltr'><em>an</em></span> <span class='ocrx_word' id='word_1_52' title='bbox 413 615 669 664; x_wconf 83' lang='lat' dir='ltr'><em>abicienda,</em></span> <span class='ocrx_word' id='word_1_53' title='bbox 703 616 782 670; x_wconf 90' lang='lat' dir='ltr'><em>qui</em></span> <span class='ocrx_word' id='word_1_54' title='bbox 810 615 948 657; x_wconf 88' lang='lat' dir='ltr'><em>huius</em></span> <span class='ocrx_word' id='word_1_55' title='bbox 974 615 1083 658; x_wconf 90' lang='lat' dir='ltr'><em>fidei</em></span> <span class='ocrx_word' id='word_1_56' title='bbox 1109 614 1320 671; x_wconf 86' lang='lat' dir='ltr'><em>pausis(!)</em></span> <span class='ocrx_word' id='word_1_57' title='bbox 1354 632 1446 659; x_wconf 90' lang='lat' dir='ltr'><em>non</em></span> <span class='ocrx_word' id='word_1_58' title='bbox 1481 618 1628 660; x_wconf 88' lang='lat' dir='ltr'><em>credit</em></span> 
     </span>
     <span class='ocr_line' id='line_1_7' title="bbox 11 666 1629 750; baseline 0.001 -32"><span class='ocrx_word' id='word_1_59' title='bbox 11 666 41 750; x_wconf 52' lang='grc' dir='ltr'>ἒ</span> <span class='ocrx_word' id='word_1_60' title='bbox 117 673 291 730; x_wconf 85' lang='lat' dir='ltr'><em>(subscr.</em></span> <span class='ocrx_word' id='word_1_61' title='bbox 340 674 546 730; x_wconf 85' lang='lat' dir='ltr'><em>Explicit</em></span> <span class='ocrx_word' id='word_1_62' title='bbox 595 675 694 717; x_wconf 88' lang='lat' dir='ltr'><em>vita</em></span> <span class='ocrx_word' id='word_1_63' title='bbox 745 675 896 717; x_wconf 83' lang='lat' dir='ltr'><em>sancti</em></span> <span class='ocrx_word' id='word_1_64' title='bbox 944 675 1137 717; x_wconf 87' lang='lat' dir='ltr'><em>Bertolfi</em></span> <span class='ocrx_word' id='word_1_65' title='bbox 1191 678 1238 718; x_wconf 88' lang='lat' dir='ltr'><em>et</em></span> <span class='ocrx_word' id='word_1_66' title='bbox 1291 676 1488 719; x_wconf 84' lang='lat' dir='ltr'><em>aliorum</em></span> <span class='ocrx_word' id='word_1_67' title='bbox 1538 692 1629 720; x_wconf 91' lang='lat' dir='ltr'><em>mo-</em></span> 
     </span>
     <span class='ocr_line' id='line_1_8' title="bbox 12 732 1629 798; baseline 0.001 -20"><span class='ocrx_word' id='word_1_68' title='bbox 12 755 35 798; x_wconf 54' lang='lat'><em>!</em></span> <span class='ocrx_word' id='word_1_69' title='bbox 117 735 372 778; x_wconf 83' lang='lat' dir='ltr'><em>nachorum</em></span> <span class='ocrx_word' id='word_1_70' title='bbox 405 749 439 777; x_wconf 87' lang='lat' dir='ltr'><em>s.</em></span> <span class='ocrx_word' id='word_1_71' title='bbox 463 732 768 788; x_wconf 66' lang='lat' dir='ltr'><em>Cofflmbani),</em></span> <span class='ocrx_word' id='word_1_72' title='bbox 796 733 1022 788; x_wconf 78' lang='lat' dir='ltr'><em>propriam</em></span> <span class='ocrx_word' id='word_1_73' title='bbox 1048 734 1177 778; x_wconf 78' lang='lat' dir='ltr'><em>huius</em></span> <span class='ocrx_word' id='word_1_74' title='bbox 1201 735 1400 788; x_wconf 80' lang='lat' dir='ltr'><em>familiae</em></span> <span class='ocrx_word' id='word_1_75' title='bbox 1426 740 1629 779; x_wconf 89' lang='lat' dir='ltr'><em>naturam</em></span> 
     </span>
     <span class='ocr_line' id='line_1_9' title="bbox 8 791 529 863; baseline -0.008 -24"><span class='ocrx_word' id='word_1_76' title='bbox 8 791 32 863; x_wconf 57' lang='lat' dir='ltr'><em>,fg</em></span> <span class='ocrx_word' id='word_1_77' title='bbox 117 793 247 848; x_wconf 81' lang='lat' dir='ltr'><em>facile</em></span> <span class='ocrx_word' id='word_1_78' title='bbox 279 793 529 848; x_wconf 83' lang='lat' dir='ltr'><em>assequeris.</em></span> 
     </span>
    </p>
   </div>
   <div class='ocr_carea' id='block_1_3' title="bbox 7 863 1630 1041">
    <p class='ocr_par' dir='ltr' id='par_1_3' title="bbox 7 863 1630 1041">
     <span class='ocr_line' id='line_1_10' title="bbox 7 863 1628 933; baseline -0.001 -25"><span class='ocrx_word' id='word_1_79' title='bbox 7 864 30 933; x_wconf 58' lang='lat'><em>{⁵2}</em></span> <span class='ocrx_word' id='word_1_80' title='bbox 267 866 422 909; x_wconf 75' lang='lat' dir='ltr'><em>Textus</em></span> <span class='ocrx_word' id='word_1_81' title='bbox 455 863 499 906; x_wconf 88' lang='lat' dir='ltr'><em>V.</em></span> <span class='ocrx_word' id='word_1_82' title='bbox 541 865 793 909; x_wconf 85' lang='lat' dir='ltr'><em>Columbani</em></span> <span class='ocrx_word' id='word_1_83' title='bbox 823 880 959 922; x_wconf 84' lang='lat' dir='ltr'><em>supra</em></span> <span class='ocrx_word' id='word_1_84' title='bbox 993 865 1058 920; x_wconf 88' lang='lat' dir='ltr'><em>(A</em></span> <span class='ocrx_word' id='word_1_85' title='bbox 1080 866 1215 922; x_wconf 56' lang='lat' dir='ltr'><em>lam)</em></span> <span class='ocrx_word' id='word_1_86' title='bbox 1254 871 1526 910; x_wconf 82' lang='lat' dir='ltr'><em>enumeratus</em></span> <span class='ocrx_word' id='word_1_87' title='bbox 1556 871 1628 910; x_wconf 90' lang='lat' dir='ltr'><em>est.</em></span> 
     </span>
     <span class='ocr_line' id='line_1_11' title="bbox 14 937 1630 1041; baseline -0.001 -58.999"><span class='ocrx_word' id='word_1_88' title='bbox 14 941 30 1011; x_wconf 46' lang='grc' dir='ltr'><em>ἒξ</em></span> <span class='ocrx_word' id='word_1_89' title='bbox 47 952 94 982; x_wconf 84' lang='grc' dir='ltr'><em>ιο</em></span> <span class='ocrx_word' id='word_1_90' title='bbox 119 937 463 1041; x_wconf 48' lang='grc' dir='ltr'><em>ῶθοαῆξέςρεωὶέ</em></span> <span class='ocrx_word' id='word_1_91' title='bbox 482 937 533 980; x_wconf 89' lang='grc' dir='ltr'><em>Ρ.</em></span> <span class='ocrx_word' id='word_1_92' title='bbox 559 937 612 980; x_wconf 80' lang='lat' dir='ltr'><em>G.</em></span> <span class='ocrx_word' id='word_1_93' title='bbox 630 937 670 980; x_wconf 89' lang='lat' dir='ltr'><em>J</em></span> <span class='ocrx_word' id='word_1_94' title='bbox 667 938 816 980; x_wconf 86' lang='lat' dir='ltr'><em>acober</em></span> <span class='ocrx_word' id='word_1_95' title='bbox 836 937 1088 981; x_wconf 86' lang='lat' dir='ltr'><em>monasterii</em></span> <span class='ocrx_word' id='word_1_96' title='bbox 1109 939 1467 994; x_wconf 72' lang='lat' dir='ltr'><em>Enyelberyensis</em></span> <span class='ocrx_word' id='word_1_97' title='bbox 1489 939 1630 982; x_wconf 84' lang='lat' dir='ltr'><em>biblio-</em></span> 
     </span>
    </p>
   </div>
   <div class='ocr_carea' id='block_1_4' title="bbox 6 1068 1632 1652">
    <p class='ocr_par' dir='ltr' id='par_1_4' title="bbox 263 1068 1628 1125">
     <span class='ocr_line' id='line_1_12' title="bbox 263 1068 1628 1125; baseline 0.001 -13"><span class='ocrx_word' id='word_1_98' title='bbox 263 1069 449 1124; x_wconf 80' lang='lat' dir='ltr'><em>Alb10)</em></span> <span class='ocrx_word' id='word_1_99' title='bbox 500 1068 640 1112; x_wconf 74' lang='lat' dir='ltr'><em>Codex</em></span> <span class='ocrx_word' id='word_1_100' title='bbox 688 1069 939 1112; x_wconf 85' lang='lat' dir='ltr'><em>monasterii</em></span> <span class='ocrx_word' id='word_1_101' title='bbox 981 1070 1026 1112; x_wconf 80' lang='lat' dir='ltr'><em>S.</em></span> <span class='ocrx_word' id='word_1_102' title='bbox 1065 1069 1336 1113; x_wconf 86' lang='lat' dir='ltr'><em>Floriani</em></span> <span class='ocrx_word' id='word_1_103' title='bbox 1377 1086 1418 1113; x_wconf 92' lang='lat' dir='ltr'><em>n.</em></span> <span class='ocrx_word' id='word_1_104' title='bbox 1454 1071 1555 1113; x_wconf 90' lang='lat' dir='ltr'><em>III.</em></span> <span class='ocrx_word' id='word_1_105' title='bbox 1589 1075 1628 1125; x_wconf 84' lang='lat'><em>8,</em></span> 
     </span>
    </p>

    <p class='ocr_par' dir='ltr' id='par_1_5' title="bbox 25 1128 1632 1184">
     <span class='ocr_line' id='line_1_13' title="bbox 25 1128 1632 1184; baseline 0.001 -11"><span class='ocrx_word' id='word_1_106' title='bbox 25 1175 29 1184; x_wconf 24' lang='grc' dir='ltr'><em>Α</em></span> <span class='ocrx_word' id='word_1_107' title='bbox 121 1143 237 1174; x_wconf 87' lang='lat' dir='ltr'><em>anno</em></span> <span class='ocrx_word' id='word_1_108' title='bbox 267 1133 392 1171; x_wconf 84' lang='lat'><em>1449.</em></span> <span class='ocrx_word' id='word_1_109' title='bbox 419 1128 468 1171; x_wconf 86' lang='lat' dir='ltr'><em>in</em></span> <span class='ocrx_word' id='word_1_110' title='bbox 493 1128 752 1172; x_wconf 87' lang='lat' dir='ltr'><em>monasterio</em></span> <span class='ocrx_word' id='word_1_111' title='bbox 783 1129 1098 1184; x_wconf 73' lang='lat' dir='ltr'><em>Wiblinyensil</em></span> <span class='ocrx_word' id='word_1_112' title='bbox 1130 1130 1259 1173; x_wconf 85' lang='lat' dir='ltr'><em>dioec.</em></span> <span class='ocrx_word' id='word_1_113' title='bbox 1290 1130 1632 1174; x_wconf 84' lang='lat' dir='ltr'><em>Constantiensis</em></span> 
     </span>
    </p>

    <p class='ocr_par' dir='ltr' id='par_1_6' title="bbox 6 1182 1629 1245">
     <span class='ocr_line' id='line_1_14' title="bbox 6 1182 1629 1245; baseline 0 -13"><span class='ocrx_word' id='word_1_114' title='bbox 6 1182 33 1240; x_wconf 63' lang='grc' dir='ltr'><em>»ἰ</em></span> <span class='ocrx_word' id='word_1_115' title='bbox 112 1203 196 1244; x_wconf 84' lang='lat' dir='ltr'><em>per</em></span> <span class='ocrx_word' id='word_1_116' title='bbox 217 1188 449 1244; x_wconf 74' lang='lat' dir='ltr'><em>Georyium</em></span> <span class='ocrx_word' id='word_1_117' title='bbox 473 1189 589 1242; x_wconf 84' lang='lat' dir='ltr'><em>Spar</em></span> <span class='ocrx_word' id='word_1_118' title='bbox 609 1193 648 1231; x_wconf 91' lang='lat' dir='ltr'><em>et</em></span> <span class='ocrx_word' id='word_1_119' title='bbox 666 1188 915 1231; x_wconf 88' lang='lat' dir='ltr'><em>Martinum</em></span> <span class='ocrx_word' id='word_1_120' title='bbox 937 1190 1072 1232; x_wconf 83' lang='lat' dir='ltr'><em>Imler</em></span> <span class='ocrx_word' id='word_1_121' title='bbox 1092 1194 1307 1244; x_wconf 71' lang='lat' dir='ltr'><em>exaratus,</em></span> <span class='ocrx_word' id='word_1_122' title='bbox 1330 1191 1405 1244; x_wconf 85' lang='lat' dir='ltr'><em>fol.</em></span> <span class='ocrx_word' id='word_1_123' title='bbox 1426 1191 1629 1245; x_wconf 75' lang='lat' dir='ltr'><em>268‘sqq.</em></span> 
     </span>
    </p>

    <p class='ocr_par' dir='ltr' id='par_1_7' title="bbox 6 1238 1631 1358">
     <span class='ocr_line' id='line_1_15' title="bbox 6 1238 1631 1358; baseline 0.001 -67"><span class='ocrx_word' id='word_1_124' title='bbox 6 1238 40 1358; x_wconf 57' lang='grc' dir='ltr'><strong><em>ξ</em></strong></span> <span class='ocrx_word' id='word_1_125' title='bbox 61 1265 96 1292; x_wconf 78' lang='grc' dir='ltr'><em>ιο</em></span> <span class='ocrx_word' id='word_1_126' title='bbox 121 1250 265 1293; x_wconf 85' lang='lat' dir='ltr'><em>eadem</em></span> <span class='ocrx_word' id='word_1_127' title='bbox 285 1253 410 1303; x_wconf 79' lang='lat' dir='ltr'><em>atque</em></span> <span class='ocrx_word' id='word_1_128' title='bbox 426 1250 693 1304; x_wconf 87' lang='lat' dir='ltr'><em>praecedens</em></span> <span class='ocrx_word' id='word_1_129' title='bbox 714 1249 898 1291; x_wconf 85' lang='lat' dir='ltr'><em>continet</em></span> <span class='ocrx_word' id='word_1_130' title='bbox 922 1247 1132 1305; x_wconf 78' lang='lat' dir='ltr'><em>(praescr.</em></span> <span class='ocrx_word' id='word_1_131' title='bbox 1146 1264 1159 1292; x_wconf 88' lang='grc'><em>.·</em></span> <span class='ocrx_word' id='word_1_132' title='bbox 1188 1251 1364 1306; x_wconf 87' lang='lat' dir='ltr'><em>Incipit</em></span> <span class='ocrx_word' id='word_1_133' title='bbox 1385 1252 1482 1294; x_wconf 84' lang='lat' dir='ltr'><em>vita</em></span> <span class='ocrx_word' id='word_1_134' title='bbox 1505 1251 1631 1294; x_wconf 87' lang='lat' dir='ltr'><em>beati</em></span> 
     </span>
    </p>

    <p class='ocr_par' dir='ltr' id='par_1_8' title="bbox 19 1303 1632 1364">
     <span class='ocr_line' id='line_1_16' title="bbox 19 1303 1632 1364; baseline 0.001 -12"><span class='ocrx_word' id='word_1_135' title='bbox 19 1303 37 1361; x_wconf 47' lang='lat' dir='ltr'><em>s</em></span> <span class='ocrx_word' id='word_1_136' title='bbox 122 1309 319 1352; x_wconf 87' lang='lat' dir='ltr'><em>Bertulfi</em></span> <span class='ocrx_word' id='word_1_137' title='bbox 361 1309 544 1352; x_wconf 87' lang='lat' dir='ltr'><em>abbatis</em></span> <span class='ocrx_word' id='word_1_138' title='bbox 586 1313 633 1351; x_wconf 89' lang='lat' dir='ltr'><em>et</em></span> <span class='ocrx_word' id='word_1_139' title='bbox 674 1309 869 1351; x_wconf 79' lang='lat' dir='ltr'><em>aliorum</em></span> <span class='ocrx_word' id='word_1_140' title='bbox 912 1309 1274 1364; x_wconf 84' lang='lat' dir='ltr'><em>monachorum).</em></span> <span class='ocrx_word' id='word_1_141' title='bbox 1343 1311 1498 1352; x_wconf 75' lang='lat' dir='ltr'><em>Teoetus</em></span> <span class='ocrx_word' id='word_1_142' title='bbox 1538 1325 1632 1353; x_wconf 89' lang='lat' dir='ltr'><em>cum</em></span> 
     </span>
    </p>

    <p class='ocr_par' dir='ltr' id='par_1_9' title="bbox 7 1358 1632 1423">
     <span class='ocr_line' id='line_1_17' title="bbox 7 1358 1632 1423; baseline 0.001 -12"><span class='ocrx_word' id='word_1_143' title='bbox 7 1358 31 1423; x_wconf 55' lang='lat' dir='ltr'><em>f}</em></span> <span class='ocrx_word' id='word_1_144' title='bbox 114 1367 282 1423; x_wconf 85' lang='lat' dir='ltr'><em>passim</em></span> <span class='ocrx_word' id='word_1_145' title='bbox 312 1383 405 1412; x_wconf 86' lang='lat' dir='ltr'><em>cum</em></span> <span class='ocrx_word' id='word_1_146' title='bbox 445 1367 621 1421; x_wconf 81' lang='lat' dir='ltr'><em>familia</em></span> <span class='ocrx_word' id='word_1_147' title='bbox 652 1368 696 1410; x_wconf 88' lang='lat' dir='ltr'><strong><em>A</em></strong></span> <span class='ocrx_word' id='word_1_148' title='bbox 725 1369 771 1410; x_wconf 90' lang='lat' dir='ltr'><em>lb</em></span> <span class='ocrx_word' id='word_1_149' title='bbox 813 1368 1017 1422; x_wconf 84' lang='lat' dir='ltr'><em>convenit,</em></span> <span class='ocrx_word' id='word_1_150' title='bbox 1066 1373 1153 1411; x_wconf 87' lang='lat' dir='ltr'><em>tum</em></span> <span class='ocrx_word' id='word_1_151' title='bbox 1199 1369 1250 1412; x_wconf 90' lang='lat' dir='ltr'><em>in</em></span> <span class='ocrx_word' id='word_1_152' title='bbox 1296 1369 1448 1412; x_wconf 86' lang='lat' dir='ltr'><em>iisdem</em></span> <span class='ocrx_word' id='word_1_153' title='bbox 1493 1370 1632 1412; x_wconf 86' lang='lat' dir='ltr'><em>verbis</em></span> 
     </span>
    </p>

    <p class='ocr_par' dir='ltr' id='par_1_10' title="bbox 122 1427 1631 1486">
     <span class='ocr_line' id='line_1_18' title="bbox 122 1427 1631 1486; baseline 0 -14"><span class='ocrx_word' id='word_1_154' title='bbox 122 1427 292 1482; x_wconf 77' lang='lat' dir='ltr'><em>desinit,</em></span> <span class='ocrx_word' id='word_1_155' title='bbox 334 1441 442 1482; x_wconf 80' lang='lat' dir='ltr'><em>quae</em></span> <span class='ocrx_word' id='word_1_156' title='bbox 473 1441 525 1471; x_wconf 79' lang='lat' dir='ltr'><em>ex</em></span> <span class='ocrx_word' id='word_1_157' title='bbox 557 1427 598 1469; x_wconf 88' lang='lat' dir='ltr'><strong><em>A</em></strong></span> <span class='ocrx_word' id='word_1_158' title='bbox 625 1428 704 1469; x_wconf 83' lang='lat' dir='ltr'><em>1b⁹</em></span> <span class='ocrx_word' id='word_1_159' title='bbox 735 1441 869 1481; x_wconf 82' lang='lat' dir='ltr'><em>supra</em></span> <span class='ocrx_word' id='word_1_160' title='bbox 901 1428 1037 1482; x_wconf 83' lang='lat' dir='ltr'><em>attuli,</em></span> <span class='ocrx_word' id='word_1_161' title='bbox 1084 1428 1173 1471; x_wconf 82' lang='lat' dir='ltr'><em>nisi</em></span> <span class='ocrx_word' id='word_1_162' title='bbox 1213 1430 1326 1483; x_wconf 81' lang='lat' dir='ltr'><em>quod</em></span> <span class='ocrx_word' id='word_1_163' title='bbox 1355 1431 1514 1486; x_wconf 81' lang='lat' dir='ltr'><em>paucis</em></span> <span class='ocrx_word' id='word_1_164' title='bbox 1547 1444 1631 1483; x_wconf 86' lang='lat' dir='ltr'><em>pro</em></span> 
     </span>
    </p>

    <p class='ocr_par' dir='ltr' id='par_1_11' title="bbox 8 1487 1631 1551">
     <span class='ocr_line' id='line_1_19' title="bbox 8 1487 1631 1551; baseline 0 -20"><span class='ocrx_word' id='word_1_165' title='bbox 8 1526 34 1551; x_wconf 31' lang='grc' dir='ltr'><em>Ἥ,</em></span> <span class='ocrx_word' id='word_1_166' title='bbox 122 1489 278 1545; x_wconf 86' lang='lat' dir='ltr'><em>pausis</em></span> <span class='ocrx_word' id='word_1_167' title='bbox 309 1487 513 1542; x_wconf 85' lang='lat' dir='ltr'><em>scriptum</em></span> <span class='ocrx_word' id='word_1_168' title='bbox 544 1492 615 1540; x_wconf 86' lang='lat' dir='ltr'><em>est,</em></span> <span class='ocrx_word' id='word_1_169' title='bbox 654 1487 916 1542; x_wconf 76' lang='lat' dir='ltr'><em>similemque</em></span> <span class='ocrx_word' id='word_1_170' title='bbox 947 1488 1112 1531; x_wconf 73' lang='lat' dir='ltr'><em>exhibet</em></span> <span class='ocrx_word' id='word_1_171' title='bbox 1141 1489 1517 1544; x_wconf 75' lang='lat' dir='ltr'><em>subscriptionem:</em></span> <span class='ocrx_word' id='word_1_172' title='bbox 1549 1490 1631 1531; x_wconf 83' lang='lat' dir='ltr'><em>Ex-</em></span> 
     </span>
    </p>

    <p class='ocr_par' dir='ltr' id='par_1_12' title="bbox 11 1546 1631 1652">
     <span class='ocr_line' id='line_1_20' title="bbox 11 1546 1631 1606; baseline 0 -15"><span class='ocrx_word' id='word_1_173' title='bbox 11 1546 28 1585; x_wconf 61' lang='lat'><em>13</em></span> <span class='ocrx_word' id='word_1_174' title='bbox 63 1564 99 1591; x_wconf 66' lang='grc' dir='ltr'><em>ιο</em></span> <span class='ocrx_word' id='word_1_175' title='bbox 123 1548 257 1605; x_wconf 86' lang='lat' dir='ltr'><em>plicit</em></span> <span class='ocrx_word' id='word_1_176' title='bbox 277 1549 375 1591; x_wconf 79' lang='lat' dir='ltr'><em>vita</em></span> <span class='ocrx_word' id='word_1_177' title='bbox 400 1549 550 1591; x_wconf 87' lang='lat' dir='ltr'><em>sancti</em></span> <span class='ocrx_word' id='word_1_178' title='bbox 574 1548 765 1591; x_wconf 88' lang='lat' dir='ltr'><em>Bertolfi</em></span> <span class='ocrx_word' id='word_1_179' title='bbox 793 1548 974 1591; x_wconf 87' lang='lat' dir='ltr'><em>abbatis</em></span> <span class='ocrx_word' id='word_1_180' title='bbox 1000 1551 1047 1591; x_wconf 89' lang='lat' dir='ltr'><em>et</em></span> <span class='ocrx_word' id='word_1_181' title='bbox 1073 1549 1271 1591; x_wconf 86' lang='lat' dir='ltr'><em>aliorum</em></span> <span class='ocrx_word' id='word_1_182' title='bbox 1299 1550 1631 1606; x_wconf 89' lang='lat' dir='ltr'><em>discipulorum</em></span> 
     </span>
     <span class='ocr_line' id='line_1_21' title="bbox 23 1607 789 1652; baseline -0.004 0"><span class='ocrx_word' id='word_1_183' title='bbox 23 1607 25 1609; x_wconf 72' lang='grc'><strong>’</strong></span> <span class='ocrx_word' id='word_1_184' title='bbox 123 1609 250 1652; x_wconf 87' lang='lat' dir='ltr'><em>beati</em></span> <span class='ocrx_word' id='word_1_185' title='bbox 281 1607 560 1651; x_wconf 80' lang='lat' dir='ltr'><em>Columbani</em></span> <span class='ocrx_word' id='word_1_186' title='bbox 591 1608 789 1651; x_wconf 84' lang='lat' dir='ltr'><em>abbatis.</em></span> 
     </span>
    </p>
   </div>
   <div class='ocr_carea' id='block_1_5' title="bbox 7 1675 1634 1852">
    <p class='ocr_par' dir='ltr' id='par_1_13' title="bbox 7 1657 1634 1852">
     <span class='ocr_line' id='line_1_22' title="bbox 7 1675 1634 1736; baseline 0.001 -14"><span class='ocrx_word' id='word_1_187' title='bbox 7 1675 28 1715; x_wconf 38' lang='grc' dir='ltr'><em>ἓ*</em></span> <span class='ocrx_word' id='word_1_188' title='bbox 273 1678 432 1735; x_wconf 78' lang='lat' dir='ltr'><em>Capita</em></span> <span class='ocrx_word' id='word_1_189' title='bbox 456 1694 564 1734; x_wconf 80' lang='lat' dir='ltr'><em>quae</em></span> <span class='ocrx_word' id='word_1_190' title='bbox 588 1679 688 1723; x_wconf 78' lang='lat' dir='ltr'><em>huic</em></span> <span class='ocrx_word' id='word_1_191' title='bbox 712 1679 822 1723; x_wconf 89' lang='lat' dir='ltr'><em>libro</em></span> <span class='ocrx_word' id='word_1_192' title='bbox 841 1679 993 1723; x_wconf 88' lang='lat' dir='ltr'><em>insunt</em></span> <span class='ocrx_word' id='word_1_193' title='bbox 1011 1682 1181 1723; x_wconf 73' lang='lat' dir='ltr'><em>verbum</em></span> <span class='ocrx_word' id='word_1_194' title='bbox 1204 1691 1287 1736; x_wconf 85' lang='lat' dir='ltr'><em>pro</em></span> <span class='ocrx_word' id='word_1_195' title='bbox 1308 1682 1432 1724; x_wconf 83' lang='lat' dir='ltr'><em>verbo</em></span> <span class='ocrx_word' id='word_1_196' title='bbox 1452 1681 1634 1724; x_wconf 88' lang='lat' dir='ltr'><em>reddens</em></span> 
     </span>
     <span class='ocr_line' id='line_1_23' title="bbox 21 1738 1631 1794; baseline -0.001 -11"><span class='ocrx_word' id='word_1_197' title='bbox 21 1744 24 1746; x_wconf 83' lang='grc'><strong>’</strong></span> <span class='ocrx_word' id='word_1_198' title='bbox 124 1743 322 1783; x_wconf 86' lang='lat' dir='ltr'><em>accurate</em></span> <span class='ocrx_word' id='word_1_199' title='bbox 346 1738 522 1782; x_wconf 87' lang='lat' dir='ltr'><em>contulit</em></span> <span class='ocrx_word' id='word_1_200' title='bbox 545 1740 778 1794; x_wconf 79' lang='lat' dir='ltr'><em>collataque</em></span> <span class='ocrx_word' id='word_1_201' title='bbox 802 1739 925 1783; x_wconf 87' lang='lat' dir='ltr'><em>nobis</em></span> <span class='ocrx_word' id='word_1_202' title='bbox 948 1740 1245 1783; x_wconf 81' lang='lat' dir='ltr'><em>liberalissime</em></span> <span class='ocrx_word' id='word_1_203' title='bbox 1271 1741 1454 1784; x_wconf 81' lang='lat' dir='ltr'><em>tradidit</em></span> <span class='ocrx_word' id='word_1_204' title='bbox 1475 1741 1525 1783; x_wconf 90' lang='lat' dir='ltr'><em>P.</em></span> <span class='ocrx_word' id='word_1_205' title='bbox 1550 1741 1631 1784; x_wconf 86' lang='lat' dir='ltr'><em>Fr.</em></span> 
     </span>
     <span class='ocr_line' id='line_1_24' title="bbox 123 1799 1384 1852; baseline 0 -10"><span class='ocrx_word' id='word_1_206' title='bbox 123 1799 401 1852; x_wconf 84' lang='lat' dir='ltr'><em>Asenstorfer</em></span> <span class='ocrx_word' id='word_1_207' title='bbox 431 1799 682 1842; x_wconf 90' lang='lat' dir='ltr'><em>monasterii</em></span> <span class='ocrx_word' id='word_1_208' title='bbox 715 1800 760 1842; x_wconf 81' lang='lat' dir='ltr'><em>S.</em></span> <span class='ocrx_word' id='word_1_209' title='bbox 788 1799 998 1843; x_wconf 76' lang='lat' dir='ltr'><em>Floriani</em></span> <span class='ocrx_word' id='word_1_210' title='bbox 1030 1800 1384 1844; x_wconf 78' lang='lat' dir='ltr'><em>bibliothecarius.</em></span> 
     </span>
    </p>
   </div>
   <div class='ocr_carea' id='block_1_6' title="bbox 8 1859 1634 2105">
    <p class='ocr_par' dir='ltr' id='par_1_14' title="bbox 8 1859 1632 1927">
     <span class='ocr_line' id='line_1_25' title="bbox 8 1859 1632 1927; baseline 0 -13"><span class='ocrx_word' id='word_1_211' title='bbox 8 1859 26 1914; x_wconf 38' lang='lat' dir='ltr'><em>&#39;f</em></span> <span class='ocrx_word' id='word_1_212' title='bbox 64 1886 100 1914; x_wconf 73' lang='lat'><em>85</em></span> <span class='ocrx_word' id='word_1_213' title='bbox 267 1871 311 1913; x_wconf 91' lang='lat' dir='ltr'><strong><em>A</em></strong></span> <span class='ocrx_word' id='word_1_214' title='bbox 331 1871 399 1926; x_wconf 85' lang='lat' dir='ltr'><em>lc)</em></span> <span class='ocrx_word' id='word_1_215' title='bbox 438 1870 579 1915; x_wconf 71' lang='lat' dir='ltr'><em>Codeoe</em></span> <span class='ocrx_word' id='word_1_216' title='bbox 608 1871 1093 1926; x_wconf 72' lang='lat' dir='ltr'><em>Wirziburyensis</em></span> <span class='ocrx_word' id='word_1_217' title='bbox 1122 1872 1418 1916; x_wconf 84' lang='lat' dir='ltr'><em>universitatis</em></span> <span class='ocrx_word' id='word_1_218' title='bbox 1450 1873 1544 1927; x_wconf 88' lang='lat' dir='ltr'><em>Mp.</em></span> <span class='ocrx_word' id='word_1_219' title='bbox 1576 1873 1632 1915; x_wconf 80' lang='lat' dir='ltr'><em>th.</em></span> 
     </span>
    </p>

    <p class='ocr_par' dir='ltr' id='par_1_15' title="bbox 10 1930 1634 2105">
     <span class='ocr_line' id='line_1_26' title="bbox 10 1930 1633 1986; baseline 0.001 -13"><span class='ocrx_word' id='word_1_220' title='bbox 10 1948 11 1952; x_wconf 49' lang='lat'>¹</span> <span class='ocrx_word' id='word_1_221' title='bbox 123 1931 158 1984; x_wconf 81' lang='lat' dir='ltr'><em>f.</em></span> <span class='ocrx_word' id='word_1_222' title='bbox 185 1935 282 1985; x_wconf 83' lang='lat'><em>139,</em></span> <span class='ocrx_word' id='word_1_223' title='bbox 324 1930 424 1973; x_wconf 87' lang='lat' dir='ltr'><em>olim</em></span> <span class='ocrx_word' id='word_1_224' title='bbox 457 1932 502 1974; x_wconf 79' lang='lat' dir='ltr'><em>S.</em></span> <span class='ocrx_word' id='word_1_225' title='bbox 531 1931 739 1986; x_wconf 78' lang='lat' dir='ltr'><em>Stephani</em></span> <span class='ocrx_word' id='word_1_226' title='bbox 770 1931 1021 1974; x_wconf 85' lang='lat' dir='ltr'><em>monasterii</em></span> <span class='ocrx_word' id='word_1_227' title='bbox 1051 1932 1206 1975; x_wconf 78' lang='lat' dir='ltr'><em>ibidem</em></span> <span class='ocrx_word' id='word_1_228' title='bbox 1237 1932 1323 1986; x_wconf 88' lang='lat' dir='ltr'><em>siti,</em></span> <span class='ocrx_word' id='word_1_229' title='bbox 1366 1947 1475 1976; x_wconf 86' lang='lat' dir='ltr'><em>saec.</em></span> <span class='ocrx_word' id='word_1_230' title='bbox 1512 1932 1633 1975; x_wconf 87' lang='lat' dir='ltr'><em>XII.</em></span> 
     </span>
     <span class='ocr_line' id='line_1_27' title="bbox 125 1990 1634 2048; baseline 0.001 -15"><span class='ocrx_word' id='word_1_231' title='bbox 125 1990 186 2033; x_wconf 88' lang='lat' dir='ltr'><em>in.</em></span> <span class='ocrx_word' id='word_1_232' title='bbox 219 1995 421 2033; x_wconf 80' lang='lat' dir='ltr'><em>exaratus</em></span> <span class='ocrx_word' id='word_1_233' title='bbox 451 2006 480 2034; x_wconf 93' lang='lat' dir='ltr'><em>a</em></span> <span class='ocrx_word' id='word_1_234' title='bbox 505 1991 744 2044; x_wconf 89' lang='lat' dir='ltr'><em>Lamberto,</em></span> <span class='ocrx_word' id='word_1_235' title='bbox 777 1991 852 2046; x_wconf 80' lang='lat' dir='ltr'><em>qui</em></span> <span class='ocrx_word' id='word_1_236' title='bbox 881 1991 973 2046; x_wconf 91' lang='lat' dir='ltr'><em>ipse</em></span> <span class='ocrx_word' id='word_1_237' title='bbox 1003 2006 1155 2035; x_wconf 89' lang='lat' dir='ltr'><em>nomen</em></span> <span class='ocrx_word' id='word_1_238' title='bbox 1186 2007 1308 2035; x_wconf 88' lang='lat' dir='ltr'><em>suum</em></span> <span class='ocrx_word' id='word_1_239' title='bbox 1335 1992 1520 2048; x_wconf 82' lang='lat' dir='ltr'><em>posteris</em></span> <span class='ocrx_word' id='word_1_240' title='bbox 1551 1996 1634 2035; x_wconf 88' lang='lat' dir='ltr'><em>tra-</em></span> 
     </span>
     <span class='ocr_line' id='line_1_28' title="bbox 125 2049 860 2105; baseline -0.003 -11"><span class='ocrx_word' id='word_1_241' title='bbox 125 2049 235 2094; x_wconf 81' lang='lat' dir='ltr'><em>didit</em></span> <span class='ocrx_word' id='word_1_242' title='bbox 265 2064 386 2105; x_wconf 87' lang='lat' dir='ltr'><em>opere</em></span> <span class='ocrx_word' id='word_1_243' title='bbox 417 2051 606 2094; x_wconf 89' lang='lat' dir='ltr'><em>absoluto</em></span> <span class='ocrx_word' id='word_1_244' title='bbox 636 2051 712 2104; x_wconf 82' lang='lat' dir='ltr'><em>fot</em></span> <span class='ocrx_word' id='word_1_245' title='bbox 740 2051 860 2094; x_wconf 78' lang='lat'>127¹:</span> 
     </span>
    </p>
   </div>
   <div class='ocr_carea' id='block_1_7' title="bbox 65 2123 1414 2238">
    <p class='ocr_par' dir='ltr' id='par_1_16' title="bbox 65 2123 1414 2238">
     <span class='ocr_line' id='line_1_29' title="bbox 187 2123 1414 2179; baseline 0.001 -15"><span class='ocrx_word' id='word_1_246' title='bbox 187 2123 289 2165; x_wconf 86' lang='lat' dir='ltr'><em>Hoc</em></span> <span class='ocrx_word' id='word_1_247' title='bbox 322 2123 599 2165; x_wconf 84' lang='lat' dir='ltr'><em>Lambertus</em></span> <span class='ocrx_word' id='word_1_248' title='bbox 631 2137 716 2178; x_wconf 85' lang='lat' dir='ltr'><em>ego</em></span> <span class='ocrx_word' id='word_1_249' title='bbox 750 2124 982 2179; x_wconf 87' lang='lat' dir='ltr'><em>descripto</em></span> <span class='ocrx_word' id='word_1_250' title='bbox 1015 2137 1220 2179; x_wconf 91' lang='lat' dir='ltr'><em>quosque</em></span> <span class='ocrx_word' id='word_1_251' title='bbox 1252 2123 1414 2167; x_wconf 91' lang='lat' dir='ltr'><em>libello</em></span> 
     </span>
     <span class='ocr_line' id='line_1_30' title="bbox 65 2182 1219 2238; baseline 0.002 -14"><span class='ocrx_word' id='word_1_252' title='bbox 65 2198 101 2225; x_wconf 73' lang='lat'><em>30</em></span> <span class='ocrx_word' id='word_1_253' title='bbox 246 2182 467 2238; x_wconf 85' lang='lat' dir='ltr'><em>Supplico</em></span> <span class='ocrx_word' id='word_1_254' title='bbox 500 2183 696 2226; x_wconf 83' lang='lat' dir='ltr'><em>lectores</em></span> <span class='ocrx_word' id='word_1_255' title='bbox 729 2197 826 2226; x_wconf 87' lang='lat' dir='ltr'><em>esse</em></span> <span class='ocrx_word' id='word_1_256' title='bbox 860 2184 949 2226; x_wconf 92' lang='lat' dir='ltr'><em>mei</em></span> <span class='ocrx_word' id='word_1_257' title='bbox 981 2197 1219 2235; x_wconf 84' lang='lat' dir='ltr'><em>memores,</em></span> 
     </span>
    </p>
   </div>
   <div class='ocr_carea' id='block_1_8' title="bbox 127 2252 1546 2310">
    <p class='ocr_par' dir='ltr' id='par_1_17' title="bbox 127 2252 1546 2310">
     <span class='ocr_line' id='line_1_31' title="bbox 127 2252 1546 2310; baseline 0.001 -13"><span class='ocrx_word' id='word_1_258' title='bbox 127 2257 250 2308; x_wconf 77' lang='lat' dir='ltr'><em>atque</em></span> <span class='ocrx_word' id='word_1_259' title='bbox 280 2252 483 2307; x_wconf 79' lang='lat' dir='ltr'><em>quicquid</em></span> <span class='ocrx_word' id='word_1_260' title='bbox 513 2253 808 2309; x_wconf 85' lang='lat' dir='ltr'><em>descripserat,</em></span> <span class='ocrx_word' id='word_1_261' title='bbox 841 2269 905 2297; x_wconf 69' lang='lat' dir='ltr'><em>vei</em></span> <span class='ocrx_word' id='word_1_262' title='bbox 905 2254 1033 2298; x_wconf 91' lang='lat' dir='ltr'><em>sibus</em></span> <span class='ocrx_word' id='word_1_263' title='bbox 1064 2254 1378 2310; x_wconf 77' lang='lat' dir='ltr'><em>comprehendit</em></span> <span class='ocrx_word' id='word_1_264' title='bbox 1408 2254 1546 2298; x_wconf 73' lang='lat' dir='ltr'><em>hisce:</em></span> 
     </span>
    </p>
   </div>
   <div class='ocr_carea' id='block_1_9' title="bbox 65 2325 1633 2801">
    <p class='ocr_par' dir='ltr' id='par_1_18' title="bbox 187 2325 1525 2503">
     <span class='ocr_line' id='line_1_32' title="bbox 188 2325 1388 2383; baseline 0.002 -16"><span class='ocrx_word' id='word_1_265' title='bbox 188 2325 305 2368; x_wconf 84' lang='lat' dir='ltr'><em>Cum</em></span> <span class='ocrx_word' id='word_1_266' title='bbox 338 2325 576 2381; x_wconf 84' lang='lat' dir='ltr'><em>Stephano</em></span> <span class='ocrx_word' id='word_1_267' title='bbox 609 2326 739 2369; x_wconf 89' lang='lat' dir='ltr'><em>Petri</em></span> <span class='ocrx_word' id='word_1_268' title='bbox 773 2328 964 2383; x_wconf 88' lang='lat' dir='ltr'><em>designo</em></span> <span class='ocrx_word' id='word_1_269' title='bbox 996 2327 1216 2382; x_wconf 84' lang='lat' dir='ltr'><em>ligamine</em></span> <span class='ocrx_word' id='word_1_270' title='bbox 1250 2328 1388 2370; x_wconf 87' lang='lat' dir='ltr'><em>metri</em></span> 
     </span>
     <span class='ocr_line' id='line_1_33' title="bbox 187 2385 1525 2443; baseline 0.002 -16"><span class='ocrx_word' id='word_1_271' title='bbox 187 2385 379 2428; x_wconf 86' lang='lat' dir='ltr'><em>Librum</em></span> <span class='ocrx_word' id='word_1_272' title='bbox 412 2388 687 2441; x_wconf 75' lang='lat' dir='ltr'><em>presentem,</em></span> <span class='ocrx_word' id='word_1_273' title='bbox 722 2387 942 2442; x_wconf 86' lang='lat' dir='ltr'><em>capitella</em></span> <span class='ocrx_word' id='word_1_274' title='bbox 974 2401 1056 2443; x_wconf 87' lang='lat' dir='ltr'><em>per</em></span> <span class='ocrx_word' id='word_1_275' title='bbox 1089 2388 1202 2430; x_wconf 89' lang='lat' dir='ltr'><em>haec</em></span> <span class='ocrx_word' id='word_1_276' title='bbox 1234 2388 1525 2443; x_wconf 73' lang='lat' dir='ltr'><em>gradientem</em></span> 
     </span>
     <span class='ocr_line' id='line_1_34' title="bbox 188 2444 1386 2503; baseline 0.002 -16"><span class='ocrx_word' id='word_1_277' title='bbox 188 2444 362 2488; x_wconf 86' lang='lat' dir='ltr'><em>Ordine</em></span> <span class='ocrx_word' id='word_1_278' title='bbox 393 2459 487 2488; x_wconf 86' lang='lat' dir='ltr'><em>non</em></span> <span class='ocrx_word' id='word_1_279' title='bbox 519 2446 623 2488; x_wconf 83' lang='lat' dir='ltr'><em>vili:</em></span> <span class='ocrx_word' id='word_1_280' title='bbox 659 2446 764 2489; x_wconf 85' lang='lat' dir='ltr'><em>Stas</em></span> <span class='ocrx_word' id='word_1_281' title='bbox 796 2447 985 2503; x_wconf 89' lang='lat' dir='ltr'><em>primus,</em></span> <span class='ocrx_word' id='word_1_282' title='bbox 1020 2462 1186 2503; x_wconf 83' lang='lat' dir='ltr'><em>magne</em></span> <span class='ocrx_word' id='word_1_283' title='bbox 1220 2447 1386 2498; x_wconf 87' lang='lat' dir='ltr'><em>Basili;</em></span> 
     </span>
    </p>

    <p class='ocr_par' dir='ltr' id='par_1_19' title="bbox 65 2505 1633 2801">
     <span class='ocr_line' id='line_1_35' title="bbox 65 2505 1459 2561; baseline 0 -14"><span class='ocrx_word' id='word_1_284' title='bbox 65 2520 101 2547; x_wconf 69' lang='grc' dir='ltr'>ω</span> <span class='ocrx_word' id='word_1_285' title='bbox 188 2505 268 2548; x_wconf 87' lang='lat' dir='ltr'><em>Bis</em></span> <span class='ocrx_word' id='word_1_286' title='bbox 300 2507 442 2561; x_wconf 86' lang='lat' dir='ltr'><em>caput</em></span> <span class='ocrx_word' id='word_1_287' title='bbox 474 2507 547 2548; x_wconf 86' lang='lat' dir='ltr'><em>ast</em></span> <span class='ocrx_word' id='word_1_288' title='bbox 578 2507 751 2549; x_wconf 87' lang='lat' dir='ltr'><em>sanctis</em></span> <span class='ocrx_word' id='word_1_289' title='bbox 783 2507 1048 2550; x_wconf 71' lang='lat' dir='ltr'><em>ostenditur</em></span> <span class='ocrx_word' id='word_1_290' title='bbox 1079 2507 1188 2550; x_wconf 90' lang='lat' dir='ltr'><em>inde</em></span> <span class='ocrx_word' id='word_1_291' title='bbox 1221 2507 1459 2550; x_wconf 81' lang='lat' dir='ltr'><em>Iohannis.</em></span> 
     </span>
     <span class='ocr_line' id='line_1_36' title="bbox 186 2565 1293 2620; baseline 0.001 -13"><span class='ocrx_word' id='word_1_292' title='bbox 186 2565 387 2620; x_wconf 77' lang='lat' dir='ltr'><em>Remigii</em></span> <span class='ocrx_word' id='word_1_293' title='bbox 418 2565 581 2608; x_wconf 88' lang='lat' dir='ltr'><em>miram</em></span> <span class='ocrx_word' id='word_1_294' title='bbox 614 2566 786 2610; x_wconf 87' lang='lat' dir='ltr'><em>retinet</em></span> <span class='ocrx_word' id='word_1_295' title='bbox 818 2581 915 2610; x_wconf 87' lang='lat' dir='ltr'><em>sors</em></span> <span class='ocrx_word' id='word_1_296' title='bbox 945 2567 1092 2610; x_wconf 86' lang='lat' dir='ltr'><em>tercia</em></span> <span class='ocrx_word' id='word_1_297' title='bbox 1114 2567 1293 2617; x_wconf 85' lang='lat' dir='ltr'><em>Vitam;</em></span> 
     </span>
     <span class='ocr_line' id='line_1_37' title="bbox 187 2625 1492 2682; baseline 0.002 -15"><span class='ocrx_word' id='word_1_298' title='bbox 187 2625 436 2668; x_wconf 86' lang='lat' dir='ltr'><em>Pontifices</em></span> <span class='ocrx_word' id='word_1_299' title='bbox 468 2639 694 2668; x_wconf 89' lang='lat' dir='ltr'><em>summam</em></span> <span class='ocrx_word' id='word_1_300' title='bbox 725 2628 820 2670; x_wconf 88' lang='lat' dir='ltr'><em>tres</em></span> <span class='ocrx_word' id='word_1_301' title='bbox 853 2629 1020 2682; x_wconf 82' lang='lat' dir='ltr'><em>quarta</em></span> <span class='ocrx_word' id='word_1_302' title='bbox 1052 2630 1240 2670; x_wconf 85' lang='lat' dir='ltr'><em>catenat</em></span> <span class='ocrx_word' id='word_1_303' title='bbox 1271 2628 1320 2669; x_wconf 90' lang='lat' dir='ltr'><em>in</em></span> <span class='ocrx_word' id='word_1_304' title='bbox 1352 2642 1492 2669; x_wconf 89' lang='lat' dir='ltr'><em>unam</em></span> 
     </span>
     <span class='ocr_line' id='line_1_38' title="bbox 187 2685 1633 2743; baseline 0.001 -16"><span class='ocrx_word' id='word_1_305' title='bbox 187 2685 369 2740; x_wconf 89' lang='lat' dir='ltr'><em>Agmen</em></span> <span class='ocrx_word' id='word_1_306' title='bbox 401 2685 460 2727; x_wconf 86' lang='lat' dir='ltr'><em>ad</em></span> <span class='ocrx_word' id='word_1_307' title='bbox 493 2686 580 2728; x_wconf 85' lang='lat' dir='ltr'><em>hoc</em></span> <span class='ocrx_word' id='word_1_308' title='bbox 611 2686 830 2728; x_wconf 83' lang='lat' dir='ltr'><em>vinctam.</em></span> <span class='ocrx_word' id='word_1_309' title='bbox 887 2687 957 2729; x_wconf 88' lang='lat' dir='ltr'><em>Tu</em></span> <span class='ocrx_word' id='word_1_310' title='bbox 989 2691 1158 2730; x_wconf 85' lang='lat' dir='ltr'><em>metam</em></span> <span class='ocrx_word' id='word_1_311' title='bbox 1193 2687 1375 2743; x_wconf 89' lang='lat' dir='ltr'><em>posside</em></span> <span class='ocrx_word' id='word_1_312' title='bbox 1409 2687 1633 2742; x_wconf 90' lang='lat' dir='ltr'><em>quintam,</em></span> 
     </span>
     <span class='ocr_line' id='line_1_39' title="bbox 188 2744 1367 2801; baseline 0.003 -15"><span class='ocrx_word' id='word_1_313' title='bbox 188 2744 318 2787; x_wconf 90' lang='lat' dir='ltr'><em>Binis</em></span> <span class='ocrx_word' id='word_1_314' title='bbox 350 2745 590 2801; x_wconf 82' lang='lat' dir='ltr'><em>discipulis</em></span> <span class='ocrx_word' id='word_1_315' title='bbox 621 2749 683 2797; x_wconf 85' lang='lat' dir='ltr'><em>te,</em></span> <span class='ocrx_word' id='word_1_316' title='bbox 716 2749 875 2789; x_wconf 85' lang='lat' dir='ltr'><em>sancte</em></span> <span class='ocrx_word' id='word_1_317' title='bbox 909 2747 1149 2799; x_wconf 86' lang='lat' dir='ltr'><em>Columba,</em></span> <span class='ocrx_word' id='word_1_318' title='bbox 1183 2748 1367 2797; x_wconf 86' lang='lat' dir='ltr'><em>secutis,</em></span> 
     </span>
    </p>
   </div>
   <div class='ocr_carea' id='block_1_10' title="bbox 19 2872 1636 2980">
    <p class='ocr_par' dir='ltr' id='par_1_20' title="bbox 19 2872 1636 2980">
     <span class='ocr_line' id='line_1_40' title="bbox 19 2872 1636 2932; baseline 0 -11"><span class='ocrx_word' id='word_1_319' title='bbox 19 2872 21 2874; x_wconf 74' lang='grc'><strong>’</strong></span> <span class='ocrx_word' id='word_1_320' title='bbox 66 2894 104 2921; x_wconf 62' lang='grc' dir='ltr'><em>ιο</em></span> <span class='ocrx_word' id='word_1_321' title='bbox 130 2883 165 2930; x_wconf 84' lang='grc'><em>1)</em></span> <span class='ocrx_word' id='word_1_322' title='bbox 201 2884 256 2928; x_wconf 77' lang='lat' dir='ltr'><em>cr.</em></span> <span class='ocrx_word' id='word_1_323' title='bbox 282 2885 335 2921; x_wconf 86' lang='lat' dir='ltr'><em>W.</em></span> <span class='ocrx_word' id='word_1_324' title='bbox 360 2885 608 2927; x_wconf 72' lang='lat' dir='ltr'><em>wattenbach,</em></span> <span class='ocrx_word' id='word_1_325' title='bbox 639 2886 774 2922; x_wconf 60' lang='lat' dir='ltr'><em>‘Ao-0103</em></span> <span class='ocrx_word' id='word_1_326' title='bbox 797 2887 845 2930; x_wconf 83' lang='lat' dir='ltr'><em>X,</em></span> <span class='ocrx_word' id='word_1_327' title='bbox 877 2899 914 2932; x_wconf 77' lang='lat' dir='ltr'><em>p.</em></span> <span class='ocrx_word' id='word_1_328' title='bbox 939 2889 1038 2929; x_wconf 87' lang='lat'>430;</span> <span class='ocrx_word' id='word_1_329' title='bbox 1074 2888 1118 2923; x_wconf 82' lang='lat' dir='ltr'><em>A.</em></span> <span class='ocrx_word' id='word_1_330' title='bbox 1147 2887 1298 2930; x_wconf 54' lang='lat' dir='ltr'><em>cmm,</em></span> <span class='ocrx_word' id='word_1_331' title='bbox 1335 2887 1416 2921; x_wconf 66' lang='lat' dir='ltr'><em>‘Die</em></span> <span class='ocrx_word' id='word_1_332' title='bbox 1449 2886 1535 2923; x_wconf 71' lang='lat' dir='ltr'><em>Has.</em></span> <span class='ocrx_word' id='word_1_333' title='bbox 1571 2887 1636 2921; x_wconf 68' lang='lat' dir='ltr'><em>der</em></span> 
     </span>
     <span class='ocr_line' id='line_1_41' title="bbox 128 2931 1173 2980; baseline 0.005 -14"><span class='ocrx_word' id='word_1_334' title='bbox 128 2931 428 2975; x_wconf 59' lang='lat' dir='ltr'><em>sviftsbibliothek</em></span> <span class='ocrx_word' id='word_1_335' title='bbox 451 2933 504 2969; x_wconf 85' lang='lat' dir='ltr'><em>St.</em></span> <span class='ocrx_word' id='word_1_336' title='bbox 521 2933 701 2977; x_wconf 71' lang='lat' dir='ltr'><em>FIortan’,</em></span> <span class='ocrx_word' id='word_1_337' title='bbox 727 2934 882 2969; x_wconf 78' lang='lat' dir='ltr'><em>Linzeae</em></span> <span class='ocrx_word' id='word_1_338' title='bbox 908 2937 1013 2979; x_wconf 85' lang='lat'><strong><em>1871,</em></strong></span> <span class='ocrx_word' id='word_1_339' title='bbox 1034 2947 1072 2980; x_wconf 84' lang='lat' dir='ltr'><em>p.</em></span> <span class='ocrx_word' id='word_1_340' title='bbox 1092 2936 1173 2971; x_wconf 82' lang='lat'><em>241.</em></span> 
     </span>
    </p>
   </div>
  </div>
 </body>
</html>
