2008 3302
448 268 618 316 IONAS,
637 269 798 306 VITAE
824 269 1135 307 OOLUMIBANI
1158 269 1305 307 LIBRI
1330 270 1384 308 11.
1649 275 1671 308 3

154 392 191 438 i.
223 407 257 436 e.
287 391 587 447 yrammatica,
628 392 853 447 rhetorica,
899 392 1140 448 yeometria,
1188 397 1314 448 utque
1353 393 1404 437 in
1443 407 1671 437 sacrarum

156 451 473 506 scripturarum
517 451 698 495 scientia
739 451 879 508 mayis
916 453 1158 507 proficeret,
1206 452 1352 496 relicto
1387 453 1475 496 solo
1515 453 1668 507 natali,

161 510 318 556 Sinilis
347 510 571 555 cuiusdam
601 511 689 554 viri
708 511 968 556 venerabilis
987 512 1154 556 scholas
1175 512 1400 567 adierat¹,·
1430 513 1670 567 reyularem

158 575 298 616 autem
327 570 630 615 monachorum
651 570 925 626 disciplinam
955 571 1006 615 in
1035 572 1295 615 monasterio
1327 572 1541 616 didicerat
1558 574 1673 627 quod

110 645 135 675 5
157 630 208 675 in
251 630 427 676 Ultonia
470 630 600 673 situm
645 630 830 686 Banyor
874 632 1114 686 amoellatur
1159 633 1280 687 apud
1330 632 1586 687 Gomyellwm
1631 637 1671 676 et

157 691 350 736 abbatem
389 695 429 734 et
466 690 724 734 conditorem
764 690 964 734 eiusdem.
1027 692 1079 734 Is
1118 691 1285 746 e9re9io
1325 692 1546 746 discipulo,
1593 691 1670 746 qui

155 749 303 806 iuyum
330 750 495 794 Christi
524 764 686 805 mayna
716 765 811 794 cum
840 751 1080 794 humilitate
1104 756 1345 806 susceperat
1375 766 1498 806 seque
1527 751 1669 806 ipsum

156 811 407 866 abnegando
436 809 807 863 mortificationem
848 810 1040 865 corporis
1071 810 1250 854 libenter
1272 811 1538 866 perficiebat,
1581 825 1669 855 non

155 869 250 914 sine
268 869 486 914 maestitia
502 869 718 913 licentiam
729 870 1051 926 pereyrinandi
1070 871 1245 914 dederat
1254 870 1402 926 primo
1418 873 1668 926 denegatam

93 942 133 973 ao
155 929 402 984 comitesque
440 929 614 973 itineris
659 930 900 985 addiderat,
947 930 1120 985 duplici,
1168 930 1258 974 nisi
1303 931 1450 984 fallor,
1498 930 1668 974 ratione

155 989 315 1044 ductus,
362 989 522 1034 scilieet
564 994 613 1032 ut
657 989 843 1033 aliorum
888 990 1068 1033 utilitati
1099 991 1333 1034 consuleret
1363 1005 1464 1034 neve
1494 990 1668 1045 proprii

153 1049 404 1093 monasterii
450 1053 490 1093 et
532 1050 704 1104 reyulae
750 1053 789 1093 et
837 1049 1037 1103 familiae
1074 1052 1390 1106 propayandae
1436 1050 1665 1094 obsisteret.

153 1109 336 1164 Eyressi
365 1113 505 1153 autem
535 1109 686 1164 coloni,
728 1109 924 1164 quamvis
963 1111 1085 1165 lonqe
1116 1125 1145 1153 a
1174 1114 1310 1154 matre
1340 1110 1491 1154 remoti
1520 1110 1570 1153 in
1601 1124 1667 1154 ex-

9 1203 12 1217 ,
58 1206 59 1210 ,
153 1172 285 1212 trenw
315 1183 470 1213 oceano
500 1169 598 1223 sita,
631 1183 719 1212 non
749 1169 915 1212 minore
947 1174 1088 1213 tamen
1108 1169 1251 1226 ipsam
1279 1170 1471 1214 colebant
1491 1170 1664 1225 pietate,

6 1229 11 1269 ,ἒ
88 1241 130 1274 1⁶
155 1227 397 1272 ‘versicidos
426 1229 524 1272 illos
553 1228 751 1282 familiae
780 1229 1045 1273 Benchuir':

614 1301 853 1343 Benchuir
884 1301 1007 1343 bona
1036 1301 1212 1357 regula,

616 1361 763 1403 Recta.
794 1363 935 1416 atque
967 1361 1138 1412 divina,

614 1420 801 1472 Stricta,
836 1423 1010 1469 sancta,
1045 1420 1220 1472 sedula,

614 1480 816 1532 Summa,
849 1480 974 1523 iusta
1005 1495 1058 1523 ae
1091 1481 1221 1532 mira,

15 1544 42 1578 J
86 1581 128 1609 ,ο
152 1567 192 1608 et
218 1562 370 1618 infra:
611 1563 755 1620 Virgo
787 1564 922 1607 valde
954 1564 1159 1607 fecunda

612 1623 744 1667 Haec
777 1626 825 1667 etz
856 1626 1006 1667 maier
1036 1624 1228 1676 intacta,

612 1683 730 1727 Leta
761 1698 815 1727 ac
846 1684 1168 1737 tremebunda,

610 1743 765 1787 Verbo
797 1744 887 1788 Dei
918 1744 1125 1796 subacta,

106 1871 110 1874 Δ
151 1813 436 1870 ‘reliquosque
459 1815 638 1870 hymnos
665 1815 838 1870 patrios
863 1815 1140 1870 concinentes,
1173 1829 1277 1870 quos
1307 1815 1663 1870 antiphonarium

85 1891 127 1920 ,ο
148 1874 423 1933 vetustissimi
453 1874 612 1918 codicis
640 1875 871 1919 Bobiensis
901 1875 1089 1918 servavit
1117 1875 1167 1919 in
1198 1890 1348 1919 aevum
1361 1877 1389 1917 ².

295 1934 427 1990 Scotti
456 1934 525 1978 illi
547 1948 633 1989 pro
661 1934 832 1979 Christo
862 1936 1074 1979 salvatore
1097 1935 1427 1990 peregrinantes
1457 1937 1595 1979 nudos
1618 1950 1662 1979 se

149 1993 327 2048 facilius
356 2008 486 2050 quam
517 1994 670 2039 divites
699 2009 933 2038 sermonem
963 1995 1149 2038 Domini
1180 2009 1307 2050 posse
1344 1996 1548 2050 complere
1579 1995 1662 2038 exi-

19 2098 34 2110 „p
148 2053 394 2109 stimabant,
440 2055 678 2110 mundoque
723 2055 850 2098 semel
889 2054 1198 2109 renuntiantes,
1246 2054 1377 2098 simul
1422 2059 1461 2098 et
1508 2069 1663 2098 causas

15 2123 35 2135 ‘⁴
97 2162 99 2166 ι
148 2113 351 2158 vitiorum
390 2118 431 2158 et
466 2114 636 2167 fomites
673 2114 916 2170 iuryiorum
947 2116 1314 2169 amputaverant3.
1380 2115 1663 2158 Sectabantur

85 2190 126 2218 ιο
149 2173 265 2218 enim
294 2173 478 2217 Domini
509 2175 741 2228 exemplum
771 2174 935 2217 illud4:
975 2174 1067 2228 Qui
1103 2175 1206 2218 vult
1247 2177 1353 2231 posi:
1386 2189 1458 2218 me
1489 2176 1659 2227 venire,

42 2246 46 2247 ⁷
149 2234 351 2290 abneget
372 2235 551 2277 semefi'
538 2248 687 2291 1psum
714 2235 814 2286 sibi,
848 2234 989 2277 ‘oollab
1011 2249 1194 2278 crucem
1217 2249 1348 2277 suam
1370 2238 1418 2278 et
1440 2238 1663 2291 sequatur

150 2307 224 2338 me
263 2291 390 2345 (Luc.
416 2298 455 2348 9,
480 2294 574 2350 23).
638 2293 1000 2347 Mortificationis
1039 2308 1183 2337 amore
1224 2293 1340 2338 ducti
1380 2294 1662 2338 humilitatem

141 2353 380 2408 perfectam
411 2367 555 2397 omnes
574 2353 841 2397 ostentabant
866 2358 1121 2408 mortemque
1142 2368 1376 2408 perennem
1398 2353 1554 2397 evitari
1575 2368 1663 2397 non

139 2426 270 2469 posse
310 2413 513 2457 docebant
551 2412 642 2457 nisi
671 2413 970 2470 paenitentiae
1000 2413 1321 2458 medicamentis
1334 2414 1350 2440 ⁵
1383 2428 1556 2469 eamque
1595 2429 1662 2457 sa-

13 2561 30 2610 }
86 2573 126 2601 ³5
152 2564 187 2612 1)
220 2565 262 2602 V.
290 2565 445 2602 Columb.
470 2566 503 2609 I,
521 2568 554 2603 3.
661 2568 699 2612 2)
738 2567 1036 2602 Sanctimoniales
1059 2568 1314 2602 Evoriacenses
1337 2572 1448 2602 sectae
1474 2567 1662 2602 Columba-

18 2621 30 2637 *
149 2615 282 2648 „ianae
306 2615 512 2658 adscriptae
536 2624 621 2649 aevo
637 2615 948 2659 Buryundofarae
972 2616 1120 2650 eandem
1141 2617 1401 2650 communionis
1422 2615 1662 2660 antiphonam

149 2661 322 2706 canebant
337 2673 427 2706 quae
443 2663 704 2707 antiphonario
720 2663 962 2698 Benchorensi
976 2665 1176 2698 continetur
1185 2675 1201 2706 ,·
1227 2664 1275 2706 cf.
1299 2663 1340 2699 V.
1360 2663 1515 2698 Columb.
1533 2663 1586 2707 II,
1604 2664 1660 2699 16.

152 2709 311 2744 codicem
335 2709 541 2744 Bobiensem
574 2711 831 2755 antiphonarii
852 2712 956 2745 illius
981 2715 1060 2745 arte
1079 2711 1371 2756 photographica
1395 2712 1662 2746 accuratissime

150 2767 358 2802 &pressum
393 2757 582 2802 diliyenter
618 2760 853 2804 transcripsit
893 2760 1156 2804 emendavitque
1193 2758 1235 2796 F.
1271 2759 1317 2795 E.
1360 2759 1530 2801 Warren,
1570 2758 1662 2792 ‘The

8 2796 26 2842 ἶ
86 2811 128 2839 40
150 2804 407 2849 Antiphonary
430 2807 470 2850 of
482 2806 642 2850 Banqost
660 2806 817 2850 (‘Henry
835 2807 1042 2842 Bradshaw
1057 2807 1209 2850 society',
1235 2807 1414 2842 Londinii
1430 2808 1533 2843 1893.
1554 2807 1659 2849 1895,

151 2856 233 2889 tom.
271 2852 342 2890 IV.
378 2853 443 2897 X),
479 2856 583 2888 cuius
620 2856 738 2899 operis
769 2858 878 2899 parte
911 2856 1037 2900 priore
1074 2856 1139 2898 fol.
1166 2857 1223 2892 30.
1267 2855 1461 2889 ‘Versiculi
1496 2855 1661 2897 familiae

151 2900 345 2937 Benchuir'
370 2903 605 2938 continentur.
727 2902 764 2947 3)
802 2902 1017 2938 Columbani
1048 2914 1100 2947 ep.
1126 2903 1180 2948 II,
1215 2902 1301 2942 Ma,
1328 2903 1398 2947 Ep.
1424 2902 1498 2946 III,
1519 2914 1559 2947 p.
1580 2903 1660 2939 163.

147 2946 188 2994 4)
220 2949 261 2985 V.
288 2949 441 2985 Columb.
463 2950 497 2993 I,
517 2951 549 2986 6.
647 2949 684 2996 5)
711 2950 764 2987 Ib.
790 2951 821 2995 I,
848 2953 881 2988 5.
910 2953 966 2987 10.

1398 3023 1442 3058 1*
