<?xml version="1.0" encoding="UTF-8"?>
<!DOCTYPE html PUBLIC "-//W3C//DTD XHTML 1.0 Transitional//EN"
    "http://www.w3.org/TR/xhtml1/DTD/xhtml1-transitional.dtd">
<html xmlns="http://www.w3.org/1999/xhtml" xml:lang="en" lang="en">
 <head>
  <title>
</title>
<meta http-equiv="Content-Type" content="text/html;charset=utf-8" />
  <meta name='ocr-system' content='tesseract 3.04.00' />
  <meta name='ocr-capabilities' content='ocr_page ocr_carea ocr_par ocr_line ocrx_word'/>
</head>
<body>
  <div class='ocr_page' id='page_1' title='image "./ionaevitaesancto37jonauoft_0123.png"; bbox 0 0 2008 3302; ppageno 0'>
   <div class='ocr_carea' id='block_1_1' title="bbox 399 249 1618 296">
    <p class='ocr_par' dir='ltr' id='par_1_1' title="bbox 399 249 1618 296">
     <span class='ocr_line' id='line_1_1' title="bbox 399 249 1618 296; baseline 0.002 -10"><span class='ocrx_word' id='word_1_1' title='bbox 399 249 567 296; x_wconf 79' lang='lat' dir='ltr'>10NAS,</span> <span class='ocrx_word' id='word_1_2' title='bbox 585 249 747 287; x_wconf 81' lang='lat' dir='ltr'><strong>VITAE</strong></span> <span class='ocrx_word' id='word_1_3' title='bbox 773 249 1081 287; x_wconf 81' lang='lat' dir='ltr'><strong>GOLUMBANI</strong></span> <span class='ocrx_word' id='word_1_4' title='bbox 1105 249 1251 287; x_wconf 86' lang='lat' dir='ltr'>LIBRI</span> <span class='ocrx_word' id='word_1_5' title='bbox 1275 249 1618 288; x_wconf 81' lang='lat'><strong><em>11.10⁷</em></strong></span> 
     </span>
    </p>
   </div>
   <div class='ocr_carea' id='block_1_2' title="bbox 32 371 1619 548">
    <p class='ocr_par' dir='ltr' id='par_1_2' title="bbox 32 371 1619 548">
     <span class='ocr_line' id='line_1_2' title="bbox 73 371 1619 432; baseline 0 -17"><span class='ocrx_word' id='word_1_6' title='bbox 73 429 78 432; x_wconf 84' lang='lat'><em>.</em></span> <span class='ocrx_word' id='word_1_7' title='bbox 255 373 331 416; x_wconf 88' lang='lat' dir='ltr'><em>Ex</em></span> <span class='ocrx_word' id='word_1_8' title='bbox 359 371 597 426; x_wconf 88' lang='lat' dir='ltr'><em>scripturae</em></span> <span class='ocrx_word' id='word_1_9' title='bbox 627 372 867 427; x_wconf 78' lang='lat' dir='ltr'><em>specimine,</em></span> <span class='ocrx_word' id='word_1_10' title='bbox 898 374 1011 427; x_wconf 78' lang='lat' dir='ltr'><em>quod</em></span> <span class='ocrx_word' id='word_1_11' title='bbox 1030 373 1090 416; x_wconf 94' lang='lat' dir='ltr'><em>H</em></span> <span class='ocrx_word' id='word_1_12' title='bbox 1114 373 1162 417; x_wconf 89' lang='lat' dir='ltr'><em>J.</em></span> <span class='ocrx_word' id='word_1_13' title='bbox 1185 373 1363 416; x_wconf 88' lang='lat' dir='ltr'><em>Lawlor</em></span> <span class='ocrx_word' id='word_1_14' title='bbox 1390 372 1494 427; x_wconf 89' lang='lat' dir='ltr'><em>(tab.</em></span> <span class='ocrx_word' id='word_1_15' title='bbox 1528 372 1619 426; x_wconf 88' lang='lat' dir='ltr'><em>VI)</em></span> 
     </span>
     <span class='ocr_line' id='line_1_3' title="bbox 32 431 1616 491; baseline 0 -16"><span class='ocrx_word' id='word_1_16' title='bbox 32 470 34 475; x_wconf 74' lang='grc'><strong>,</strong></span> <span class='ocrx_word' id='word_1_17' title='bbox 76 431 269 491; x_wconf 69' lang='lat' dir='ltr'><em>publici</em></span> <span class='ocrx_word' id='word_1_18' title='bbox 295 431 408 475; x_wconf 86' lang='lat' dir='ltr'><em>iuris</em></span> <span class='ocrx_word' id='word_1_19' title='bbox 432 432 544 487; x_wconf 81' lang='lat' dir='ltr'><em>fecit,</em></span> <span class='ocrx_word' id='word_1_20' title='bbox 578 437 687 476; x_wconf 89' lang='lat' dir='ltr'><em>certo</em></span> <span class='ocrx_word' id='word_1_21' title='bbox 712 431 867 476; x_wconf 87' lang='lat' dir='ltr'><em>certius</em></span> <span class='ocrx_word' id='word_1_22' title='bbox 895 432 1154 488; x_wconf 75' lang='lat' dir='ltr'><em>intelleyitur</em></span> <span class='ocrx_word' id='word_1_23' title='bbox 1178 432 1358 477; x_wconf 78' lang='lat' dir='ltr'><em>codicem</em></span> <span class='ocrx_word' id='word_1_24' title='bbox 1389 447 1497 476; x_wconf 86' lang='lat' dir='ltr'><em>saec.</em></span> <span class='ocrx_word' id='word_1_25' title='bbox 1526 432 1616 475; x_wconf 90' lang='lat' dir='ltr'><em>XI.</em></span> 
     </span>
     <span class='ocr_line' id='line_1_4' title="bbox 62 491 948 548; baseline -0.001 -12"><span class='ocrx_word' id='word_1_26' title='bbox 62 519 75 528; x_wconf 50' lang='lat'><em>=</em></span> <span class='ocrx_word' id='word_1_27' title='bbox 111 505 246 548; x_wconf 67' lang='lat' dir='ltr'><em>noque</em></span> <span class='ocrx_word' id='word_1_28' title='bbox 275 506 383 535; x_wconf 89' lang='lat' dir='ltr'><em>saec.</em></span> <span class='ocrx_word' id='word_1_29' title='bbox 410 491 469 535; x_wconf 89' lang='lat' dir='ltr'><em>X.</em></span> <span class='ocrx_word' id='word_1_30' title='bbox 503 492 818 536; x_wconf 77' lang='lat' dir='ltr'><em>attribuendum</em></span> <span class='ocrx_word' id='word_1_31' title='bbox 849 506 948 535; x_wconf 88' lang='lat' dir='ltr'><em>esse.</em></span> 
     </span>
    </p>
   </div>
   <div class='ocr_carea' id='block_1_3' title="bbox 20 559 1629 2595">
    <p class='ocr_par' dir='ltr' id='par_1_3' title="bbox 20 559 1629 2595">
     <span class='ocr_line' id='line_1_5' title="bbox 30 559 1623 618; baseline 0 -12"><span class='ocrx_word' id='word_1_32' title='bbox 30 599 67 615; x_wconf 17' lang='lat'><em>,¹</em></span> <span class='ocrx_word' id='word_1_33' title='bbox 255 559 391 618; x_wconf 90' lang='lat' dir='ltr'><em>Bld)</em></span> <span class='ocrx_word' id='word_1_34' title='bbox 440 562 579 606; x_wconf 85' lang='lat' dir='ltr'><em>Codex</em></span> <span class='ocrx_word' id='word_1_35' title='bbox 609 563 1002 607; x_wconf 84' lang='lat' dir='ltr'><em>Admontensis</em></span> <span class='ocrx_word' id='word_1_36' title='bbox 1043 578 1085 606; x_wconf 93' lang='lat' dir='ltr'><em>n.</em></span> <span class='ocrx_word' id='word_1_37' title='bbox 1115 568 1154 617; x_wconf 83' lang='lat'><em>2,</em></span> <span class='ocrx_word' id='word_1_38' title='bbox 1197 577 1304 607; x_wconf 88' lang='lat' dir='ltr'><em>saec.</em></span> <span class='ocrx_word' id='word_1_39' title='bbox 1335 563 1423 617; x_wconf 82' lang='lat' dir='ltr'><strong>XI,</strong></span> <span class='ocrx_word' id='word_1_40' title='bbox 1467 563 1623 606; x_wconf 85' lang='lat' dir='ltr'><em>litteris</em></span> 
     </span>
     <span class='ocr_line' id='line_1_6' title="bbox 20 622 1620 679; baseline -0.002 -11"><span class='ocrx_word' id='word_1_41' title='bbox 20 624 26 660; x_wconf 59' lang='grc' dir='ltr'>ξ</span> <span class='ocrx_word' id='word_1_42' title='bbox 111 622 356 669; x_wconf 67' lang='lat' dir='ltr'><em>initialibus</em></span> <span class='ocrx_word' id='word_1_43' title='bbox 366 622 659 679; x_wconf 78' lang='lat' dir='ltr'><em>pulcherrime</em></span> <span class='ocrx_word' id='word_1_44' title='bbox 673 622 817 678; x_wconf 83' lang='lat' dir='ltr'><em>pictis,</em></span> <span class='ocrx_word' id='word_1_45' title='bbox 845 636 939 666; x_wconf 84' lang='lat' dir='ltr'><em>cum</em></span> <span class='ocrx_word' id='word_1_46' title='bbox 963 637 1129 666; x_wconf 85' lang='lat' dir='ltr'><em>summa</em></span> <span class='ocrx_word' id='word_1_47' title='bbox 1153 622 1379 678; x_wconf 74' lang='lat' dir='ltr'><em>diliyentia</em></span> <span class='ocrx_word' id='word_1_48' title='bbox 1403 627 1620 677; x_wconf 76' lang='lat' dir='ltr'><em>exaratus,</em></span> 
     </span>
     <span class='ocr_line' id='line_1_7' title="bbox 56 680 1618 739; baseline -0.001 -13"><span class='ocrx_word' id='word_1_49' title='bbox 56 702 78 737; x_wconf 49' lang='lat' dir='ltr'><em>,j</em></span> <span class='ocrx_word' id='word_1_50' title='bbox 115 682 189 739; x_wconf 62' lang='lat' dir='ltr'><em>fia.</em></span> <span class='ocrx_word' id='word_1_51' title='bbox 223 687 378 726; x_wconf 83' lang='lat'>236—-</span> <span class='ocrx_word' id='word_1_52' title='bbox 391 686 490 726; x_wconf 84' lang='lat'><em>247.</em></span> <span class='ocrx_word' id='word_1_53' title='bbox 550 683 598 726; x_wconf 88' lang='lat' dir='ltr'><strong><em>V.</em></strong></span> <span class='ocrx_word' id='word_1_54' title='bbox 655 681 907 726; x_wconf 82' lang='lat' dir='ltr'><em>Columbani</em></span> <span class='ocrx_word' id='word_1_55' title='bbox 962 682 1145 725; x_wconf 86' lang='lat' dir='ltr'><em>continet</em></span> <span class='ocrx_word' id='word_1_56' title='bbox 1190 697 1218 724; x_wconf 91' lang='lat' dir='ltr'><em>a</em></span> <span class='ocrx_word' id='word_1_57' title='bbox 1264 696 1296 725; x_wconf 93' lang='lat' dir='ltr'><em>c.</em></span> <span class='ocrx_word' id='word_1_58' title='bbox 1333 687 1359 724; x_wconf 87' lang='grc'><em>2</em></span> <span class='ocrx_word' id='word_1_59' title='bbox 1409 680 1618 736; x_wconf 75' lang='lat' dir='ltr'><em>(praescr</em></span> 
     </span>
     <span class='ocr_line' id='line_1_8' title="bbox 71 741 1618 798; baseline -0.002 -11.077"><span class='ocrx_word' id='word_1_60' title='bbox 71 782 75 783; x_wconf 22' lang='lat'><em>⁷</em></span> <span class='ocrx_word' id='word_1_61' title='bbox 114 742 251 787; x_wconf 88' lang='lat' dir='ltr'><strong>VIII.</strong></span> <span class='ocrx_word' id='word_1_62' title='bbox 287 742 363 785; x_wconf 89' lang='lat' dir='ltr'><strong><em>Kl.</em></strong></span> <span class='ocrx_word' id='word_1_63' title='bbox 397 742 541 786; x_wconf 84' lang='lat' dir='ltr'><em>Decb.</em></span> <span class='ocrx_word' id='word_1_64' title='bbox 595 742 770 798; x_wconf 70' lang='lat' dir='ltr'><em>Incipit</em></span> <span class='ocrx_word' id='word_1_65' title='bbox 806 742 905 785; x_wconf 73' lang='lat' dir='ltr'><em>vita</em></span> <span class='ocrx_word' id='word_1_66' title='bbox 944 742 1070 786; x_wconf 71' lang='lat' dir='ltr'><em>beati</em></span> <span class='ocrx_word' id='word_1_67' title='bbox 1103 741 1380 785; x_wconf 80' lang='lat' dir='ltr'><em>Columbani</em></span> <span class='ocrx_word' id='word_1_68' title='bbox 1421 743 1618 794; x_wconf 72' lang='lat' dir='ltr'><em>abbatis,</em></span> 
     </span>
     <span class='ocr_line' id='line_1_9' title="bbox 24 798 1620 858; baseline -0.002 -11"><span class='ocrx_word' id='word_1_69' title='bbox 24 807 25 812; x_wconf 76' lang='grc'>’</span> <span class='ocrx_word' id='word_1_70' title='bbox 55 818 63 847; x_wconf 78' lang='grc' dir='ltr'><em>ξ</em></span> <span class='ocrx_word' id='word_1_71' title='bbox 113 799 243 858; x_wconf 66' lang='lat' dir='ltr'><em>incip.</em></span> <span class='ocrx_word' id='word_1_72' title='bbox 267 801 318 845; x_wconf 84' lang='lat' dir='ltr'><em>C.</em></span> <span class='ocrx_word' id='word_1_73' title='bbox 341 802 513 845; x_wconf 73' lang='lat' dir='ltr'><em>etenim</em></span> <span class='ocrx_word' id='word_1_74' title='bbox 536 798 630 858; x_wconf 88' lang='lat' dir='ltr'><em>qui)</em></span> <span class='ocrx_word' id='word_1_75' title='bbox 653 802 712 844; x_wconf 90' lang='lat' dir='ltr'><em>ad</em></span> <span class='ocrx_word' id='word_1_76' title='bbox 731 802 859 844; x_wconf 88' lang='lat' dir='ltr'><em>verba</em></span> <span class='ocrx_word' id='word_1_77' title='bbox 880 815 914 845; x_wconf 92' lang='lat' dir='ltr'><em>c.</em></span> <span class='ocrx_word' id='word_1_78' title='bbox 938 806 1008 845; x_wconf 86' lang='lat'><strong><em>21.</em></strong></span> <span class='ocrx_word' id='word_1_79' title='bbox 1041 802 1137 844; x_wconf 66' lang='lat' dir='ltr'><em>ruit</em></span> <span class='ocrx_word' id='word_1_80' title='bbox 1169 804 1308 858; x_wconf 65' lang='lat' dir='ltr'><em>aisque</em></span> <span class='ocrx_word' id='word_1_81' title='bbox 1341 803 1620 857; x_wconf 83' lang='lat' dir='ltr'><em>discerpens.</em></span> 
     </span>
     <span class='ocr_line' id='line_1_10' title="bbox 23 858 1623 923; baseline -0.001 -19"><span class='ocrx_word' id='word_1_82' title='bbox 23 894 26 923; x_wconf 40' lang='grc' dir='ltr'>Ξ</span> <span class='ocrx_word' id='word_1_83' title='bbox 256 860 302 904; x_wconf 90' lang='grc' dir='ltr'><strong><em>Β</em></strong></span> <span class='ocrx_word' id='word_1_84' title='bbox 326 858 416 917; x_wconf 73' lang='lat' dir='ltr'><em>ld*)</em></span> <span class='ocrx_word' id='word_1_85' title='bbox 470 859 610 905; x_wconf 81' lang='lat' dir='ltr'><em>Codex</em></span> <span class='ocrx_word' id='word_1_86' title='bbox 648 861 1020 904; x_wconf 87' lang='lat' dir='ltr'><em>Florentinus</em></span> <span class='ocrx_word' id='word_1_87' title='bbox 1067 860 1337 904; x_wconf 78' lang='lat' dir='ltr'><em>bibliothecae</em></span> <span class='ocrx_word' id='word_1_88' title='bbox 1382 860 1623 904; x_wconf 84' lang='lat' dir='ltr'><em>nationalis</em></span> 
     </span>
     <span class='ocr_line' id='line_1_11' title="bbox 23 920 1623 977; baseline -0.002 -11"><span class='ocrx_word' id='word_1_89' title='bbox 23 925 26 959; x_wconf 75' lang='grc' dir='ltr'>ἔ</span> <span class='ocrx_word' id='word_1_90' title='bbox 77 946 84 977; x_wconf 69' lang='lat'><em>5</em></span> <span class='ocrx_word' id='word_1_91' title='bbox 113 920 227 966; x_wconf 67' lang='lat' dir='ltr'><em>inter</em></span> <span class='ocrx_word' id='word_1_92' title='bbox 257 925 482 964; x_wconf 84' lang='lat' dir='ltr'><em>conventus</em></span> <span class='ocrx_word' id='word_1_93' title='bbox 512 927 768 975; x_wconf 78' lang='lat' dir='ltr'><em>suppressos,</em></span> <span class='ocrx_word' id='word_1_94' title='bbox 795 921 838 963; x_wconf 84' lang='lat' dir='ltr'><strong><em>A</em></strong></span> <span class='ocrx_word' id='word_1_95' title='bbox 860 925 895 974; x_wconf 88' lang='lat'><em>1,</em></span> <span class='ocrx_word' id='word_1_96' title='bbox 927 924 1054 975; x_wconf 86' lang='grc'>1213,</span> <span class='ocrx_word' id='word_1_97' title='bbox 1084 935 1193 964; x_wconf 91' lang='lat' dir='ltr'><em>saec.</em></span> <span class='ocrx_word' id='word_1_98' title='bbox 1223 921 1312 974; x_wconf 85' lang='lat' dir='ltr'><em>XI,</em></span> <span class='ocrx_word' id='word_1_99' title='bbox 1347 920 1446 963; x_wconf 88' lang='lat' dir='ltr'><em>olim</em></span> <span class='ocrx_word' id='word_1_100' title='bbox 1477 935 1623 963; x_wconf 89' lang='lat' dir='ltr'><em>mona·</em></span> 
     </span>
     <span class='ocr_line' id='line_1_12' title="bbox 112 979 1618 1034; baseline -0.002 -9"><span class='ocrx_word' id='word_1_101' title='bbox 112 980 235 1025; x_wconf 63' lang='lat' dir='ltr'><em>nterii</em></span> <span class='ocrx_word' id='word_1_102' title='bbox 254 980 392 1024; x_wconf 89' lang='lat' dir='ltr'><em>Vallis</em></span> <span class='ocrx_word' id='word_1_103' title='bbox 406 981 669 1034; x_wconf 77' lang='lat' dir='ltr'><em>umbrosael,</em></span> <span class='ocrx_word' id='word_1_104' title='bbox 686 980 762 1033; x_wconf 84' lang='lat' dir='ltr'><em>fol.</em></span> <span class='ocrx_word' id='word_1_105' title='bbox 779 979 1041 1024; x_wconf 83' lang='lat'><strong><em>126‘—130.</em></strong></span> <span class='ocrx_word' id='word_1_106' title='bbox 1069 981 1117 1024; x_wconf 93' lang='lat' dir='ltr'><em>V.</em></span> <span class='ocrx_word' id='word_1_107' title='bbox 1137 980 1391 1024; x_wconf 83' lang='lat' dir='ltr'><em>Columbani</em></span> <span class='ocrx_word' id='word_1_108' title='bbox 1407 980 1618 1023; x_wconf 83' lang='lat' dir='ltr'><em>librumI.</em></span> 
     </span>
     <span class='ocr_line' id='line_1_13' title="bbox 24 1036 1623 1098; baseline -0.003 -12"><span class='ocrx_word' id='word_1_109' title='bbox 24 1036 25 1045; x_wconf 45' lang='lat'>¹</span> <span class='ocrx_word' id='word_1_110' title='bbox 114 1054 146 1086; x_wconf 82' lang='lat' dir='ltr'><em>a</em></span> <span class='ocrx_word' id='word_1_111' title='bbox 184 1054 221 1084; x_wconf 89' lang='lat' dir='ltr'><em>c.</em></span> <span class='ocrx_word' id='word_1_112' title='bbox 248 1044 289 1084; x_wconf 76' lang='lat'><strong><em>2.</em></strong></span> <span class='ocrx_word' id='word_1_113' title='bbox 332 1041 392 1084; x_wconf 85' lang='lat' dir='ltr'><em>ad</em></span> <span class='ocrx_word' id='word_1_114' title='bbox 428 1041 557 1084; x_wconf 85' lang='lat' dir='ltr'><em>verba</em></span> <span class='ocrx_word' id='word_1_115' title='bbox 598 1054 632 1084; x_wconf 91' lang='lat' dir='ltr'><em>c.</em></span> <span class='ocrx_word' id='word_1_116' title='bbox 665 1044 730 1082; x_wconf 87' lang='grc'><em>19.</em></span> <span class='ocrx_word' id='word_1_117' title='bbox 769 1040 942 1084; x_wconf 86' lang='lat' dir='ltr'><em>haecce:</em></span> <span class='ocrx_word' id='word_1_118' title='bbox 980 1041 1130 1083; x_wconf 86' lang='lat' dir='ltr'><em>virum</em></span> <span class='ocrx_word' id='word_1_119' title='bbox 1162 1041 1253 1084; x_wconf 87' lang='lat' dir='ltr'><em>Dei</em></span> <span class='ocrx_word' id='word_1_120' title='bbox 1292 1041 1623 1098; x_wconf 69' lang='lat' dir='ltr'><em>perburbarenb</em></span> 
     </span>
     <span class='ocr_line' id='line_1_14' title="bbox 115 1099 1620 1167; baseline -0.001 -23"><span class='ocrx_word' id='word_1_121' title='bbox 115 1101 444 1167; x_wconf 77' lang='lat' dir='ltr'><em>episcoposque</em></span> <span class='ocrx_word' id='word_1_122' title='bbox 477 1099 672 1154; x_wconf 86' lang='lat' dir='ltr'><em>continet,</em></span> <span class='ocrx_word' id='word_1_123' title='bbox 705 1103 887 1143; x_wconf 88' lang='lat' dir='ltr'><em>extremo</em></span> <span class='ocrx_word' id='word_1_124' title='bbox 913 1100 1132 1143; x_wconf 79' lang='lat' dir='ltr'><em>columnae</em></span> <span class='ocrx_word' id='word_1_125' title='bbox 1155 1113 1280 1143; x_wconf 86' lang='lat' dir='ltr'><em>versu</em></span> <span class='ocrx_word' id='word_1_126' title='bbox 1304 1114 1436 1143; x_wconf 90' lang='lat' dir='ltr'><em>vacuo</em></span> <span class='ocrx_word' id='word_1_127' title='bbox 1461 1099 1620 1143; x_wconf 88' lang='lat' dir='ltr'><em>relict0.</em></span> 
     </span>
     <span class='ocr_line' id='line_1_15' title="bbox 109 1157 1621 1214; baseline -0.001 -9.999"><span class='ocrx_word' id='word_1_128' title='bbox 109 1157 240 1205; x_wconf 59' lang='lat' dir='ltr'><em>&amp;out</em></span> <span class='ocrx_word' id='word_1_129' title='bbox 266 1159 318 1202; x_wconf 89' lang='lat' dir='ltr'><em>in</em></span> <span class='ocrx_word' id='word_1_130' title='bbox 348 1159 488 1203; x_wconf 85' lang='lat' dir='ltr'><em>codice</em></span> <span class='ocrx_word' id='word_1_131' title='bbox 520 1161 798 1214; x_wconf 78' lang='lat' dir='ltr'><em>praecedente</em></span> <span class='ocrx_word' id='word_1_132' title='bbox 827 1159 892 1202; x_wconf 88' lang='lat' dir='ltr'><em>ita</em></span> <span class='ocrx_word' id='word_1_133' title='bbox 921 1159 971 1203; x_wconf 88' lang='lat' dir='ltr'><em>in</em></span> <span class='ocrx_word' id='word_1_134' title='bbox 1009 1160 1085 1203; x_wconf 91' lang='lat' dir='ltr'><em>hoc</em></span> <span class='ocrx_word' id='word_1_135' title='bbox 1116 1174 1262 1203; x_wconf 84' lang='lat' dir='ltr'><em>versus</em></span> <span class='ocrx_word' id='word_1_136' title='bbox 1293 1159 1470 1203; x_wconf 85' lang='lat' dir='ltr'><em>barbari</em></span> <span class='ocrx_word' id='word_1_137' title='bbox 1511 1173 1544 1202; x_wconf 89' lang='lat' dir='ltr'><em>c.</em></span> <span class='ocrx_word' id='word_1_138' title='bbox 1579 1163 1621 1202; x_wconf 86' lang='lat'><em>2.</em></span> 
     </span>
     <span class='ocr_line' id='line_1_16' title="bbox 78 1218 1621 1275; baseline -0.001 -12"><span class='ocrx_word' id='word_1_139' title='bbox 78 1270 82 1273; x_wconf 20' lang='grc' dir='ltr'><strong>Α</strong></span> <span class='ocrx_word' id='word_1_140' title='bbox 112 1218 218 1263; x_wconf 81' lang='lat' dir='ltr'><em>inde</em></span> <span class='ocrx_word' id='word_1_141' title='bbox 247 1234 276 1263; x_wconf 90' lang='lat' dir='ltr'><em>a</em></span> <span class='ocrx_word' id='word_1_142' title='bbox 306 1220 430 1262; x_wconf 87' lang='lat' dir='ltr'><em>verbo</em></span> <span class='ocrx_word' id='word_1_143' title='bbox 456 1220 775 1275; x_wconf 70' lang='lat' dir='ltr'><em>Expectatque</em></span> <span class='ocrx_word' id='word_1_144' title='bbox 802 1219 968 1262; x_wconf 90' lang='lat' dir='ltr'><em>desider</em></span> <span class='ocrx_word' id='word_1_145' title='bbox 969 1223 1102 1262; x_wconf 88' lang='lat' dir='ltr'><em>antur</em></span> <span class='ocrx_word' id='word_1_146' title='bbox 1132 1223 1172 1262; x_wconf 90' lang='lat' dir='ltr'><em>et</em></span> <span class='ocrx_word' id='word_1_147' title='bbox 1200 1219 1314 1262; x_wconf 90' lang='lat' dir='ltr'><em>inter</em></span> <span class='ocrx_word' id='word_1_148' title='bbox 1343 1220 1472 1262; x_wconf 80' lang='lat' dir='ltr'><em>verba</em></span> <span class='ocrx_word' id='word_1_149' title='bbox 1499 1219 1621 1261; x_wconf 84' lang='lat' dir='ltr'><em>Nam</em></span> 
     </span>
     <span class='ocr_line' id='line_1_17' title="bbox 75 1278 1626 1335; baseline -0.001 -12"><span class='ocrx_word' id='word_1_150' title='bbox 75 1312 77 1315; x_wconf 86' lang='lat'>-</span> <span class='ocrx_word' id='word_1_151' title='bbox 117 1279 215 1324; x_wconf 77' lang='lat' dir='ltr'><em>eius</em></span> <span class='ocrx_word' id='word_1_152' title='bbox 255 1279 458 1335; x_wconf 73' lang='lat' dir='ltr'><em>genitrix</em></span> <span class='ocrx_word' id='word_1_153' title='bbox 498 1283 537 1322; x_wconf 90' lang='lat' dir='ltr'><em>et</em></span> <span class='ocrx_word' id='word_1_154' title='bbox 575 1280 666 1322; x_wconf 83' lang='lat' dir='ltr'><em>iam</em></span> <span class='ocrx_word' id='word_1_155' title='bbox 710 1293 814 1322; x_wconf 88' lang='lat' dir='ltr'><em>cum</em></span> <span class='ocrx_word' id='word_1_156' title='bbox 847 1279 1094 1322; x_wconf 87' lang='lat' dir='ltr'><em>vocabulum</em></span> <span class='ocrx_word' id='word_1_157' title='bbox 1125 1278 1318 1322; x_wconf 87' lang='lat' dir='ltr'><em>additum</em></span> <span class='ocrx_word' id='word_1_158' title='bbox 1349 1283 1420 1332; x_wconf 75' lang='lat' dir='ltr'><em>est,</em></span> <span class='ocrx_word' id='word_1_159' title='bbox 1463 1278 1626 1321; x_wconf 88' lang='lat' dir='ltr'><em>scilicet</em></span> 
     </span>
     <span class='ocr_line' id='line_1_18' title="bbox 28 1337 1623 1392; baseline 0.001 -13"><span class='ocrx_word' id='word_1_160' title='bbox 28 1375 29 1379; x_wconf 75' lang='grc'>,</span> <span class='ocrx_word' id='word_1_161' title='bbox 118 1353 247 1383; x_wconf 75' lang='lat' dir='ltr'><em>:zzne</em></span> <span class='ocrx_word' id='word_1_162' title='bbox 294 1337 370 1392; x_wconf 88' lang='lat' dir='ltr'><em>(m.</em></span> <span class='ocrx_word' id='word_1_163' title='bbox 412 1339 468 1382; x_wconf 88' lang='lat' dir='ltr'><em>al.</em></span> <span class='ocrx_word' id='word_1_164' title='bbox 502 1352 610 1382; x_wconf 87' lang='lat' dir='ltr'><em>corr.</em></span> <span class='ocrx_word' id='word_1_165' title='bbox 645 1338 752 1392; x_wconf 86' lang='lat' dir='ltr'><em>ene)</em></span> <span class='ocrx_word' id='word_1_166' title='bbox 800 1337 965 1392; x_wconf 78' lang='lat' dir='ltr'><em>Bld*,-</em></span> <span class='ocrx_word' id='word_1_167' title='bbox 1000 1339 1154 1382; x_wconf 73' lang='lat' dir='ltr'><em>Ethne</em></span> <span class='ocrx_word' id='word_1_168' title='bbox 1193 1338 1324 1382; x_wconf 87' lang='lat' dir='ltr'><em>Bld.</em></span> <span class='ocrx_word' id='word_1_169' title='bbox 1400 1337 1623 1381; x_wconf 79' lang='lat' dir='ltr'><em>Lectiones</em></span> 
     </span>
     <span class='ocr_line' id='line_1_19' title="bbox 32 1397 1625 1454; baseline -0.003 -11"><span class='ocrx_word' id='word_1_170' title='bbox 32 1439 34 1443; x_wconf 78' lang='grc'>,</span> <span class='ocrx_word' id='word_1_171' title='bbox 61 1404 64 1405; x_wconf 66' lang='grc'>’</span> <span class='ocrx_word' id='word_1_172' title='bbox 116 1411 225 1454; x_wconf 71' lang='lat' dir='ltr'><em>quae</em></span> <span class='ocrx_word' id='word_1_173' title='bbox 247 1397 357 1441; x_wconf 87' lang='lat' dir='ltr'><em>mihi</em></span> <span class='ocrx_word' id='word_1_174' title='bbox 378 1402 555 1453; x_wconf 85' lang='lat' dir='ltr'><em>praesto</em></span> <span class='ocrx_word' id='word_1_175' title='bbox 578 1402 678 1440; x_wconf 89' lang='lat' dir='ltr'><em>sunt</em></span> <span class='ocrx_word' id='word_1_176' title='bbox 709 1412 743 1441; x_wconf 91' lang='lat' dir='ltr'><em>c.</em></span> <span class='ocrx_word' id='word_1_177' title='bbox 774 1402 840 1440; x_wconf 85' lang='lat'><em>19.</em></span> <span class='ocrx_word' id='word_1_178' title='bbox 866 1397 1034 1452; x_wconf 89' lang='lat' dir='ltr'><em>partim</em></span> <span class='ocrx_word' id='word_1_179' title='bbox 1059 1397 1175 1441; x_wconf 88' lang='lat' dir='ltr'><em>omni</em></span> <span class='ocrx_word' id='word_1_180' title='bbox 1200 1397 1449 1441; x_wconf 84' lang='lat' dir='ltr'><em>auctoritate</em></span> <span class='ocrx_word' id='word_1_181' title='bbox 1474 1401 1625 1441; x_wconf 89' lang='lat' dir='ltr'><em>carent</em></span> 
     </span>
     <span class='ocr_line' id='line_1_20' title="bbox 62 1456 1623 1516; baseline -0.001 -14.046"><span class='ocrx_word' id='word_1_182' title='bbox 62 1470 64 1474; x_wconf 76' lang='grc'>’</span> <span class='ocrx_word' id='word_1_183' title='bbox 117 1456 332 1516; x_wconf 64' lang='lat' dir='ltr'><em>(passiam</em></span> <span class='ocrx_word' id='word_1_184' title='bbox 362 1471 449 1512; x_wconf 89' lang='lat' dir='ltr'><em>pro</em></span> <span class='ocrx_word' id='word_1_185' title='bbox 486 1458 720 1514; x_wconf 82' lang='lat' dir='ltr'><em>Spissiam,</em></span> <span class='ocrx_word' id='word_1_186' title='bbox 763 1471 844 1501; x_wconf 85' lang='lat' dir='ltr'><em>ora</em></span> <span class='ocrx_word' id='word_1_187' title='bbox 883 1461 982 1500; x_wconf 86' lang='lat' dir='ltr'><em>ante</em></span> <span class='ocrx_word' id='word_1_188' title='bbox 1022 1458 1137 1501; x_wconf 83' lang='lat' dir='ltr'><em>cibis</em></span> <span class='ocrx_word' id='word_1_189' title='bbox 1178 1471 1272 1510; x_wconf 61' lang='lat' dir='ltr'><em>om„</em></span> <span class='ocrx_word' id='word_1_190' title='bbox 1313 1457 1452 1511; x_wconf 89' lang='lat' dir='ltr'><em>spatio</em></span> <span class='ocrx_word' id='word_1_191' title='bbox 1488 1471 1623 1500; x_wconf 84' lang='lat' dir='ltr'><em>vacuo</em></span> 
     </span>
     <span class='ocr_line' id='line_1_21' title="bbox 75 1514 1623 1574; baseline -0.002 -12"><span class='ocrx_word' id='word_1_192' title='bbox 75 1522 82 1528; x_wconf 77' lang='grc'><em>“</em></span> <span class='ocrx_word' id='word_1_193' title='bbox 118 1514 291 1574; x_wconf 80' lang='lat' dir='ltr'><em>relicto),</em></span> <span class='ocrx_word' id='word_1_194' title='bbox 317 1517 488 1574; x_wconf 72' lang='lat' dir='ltr'><em>partim</em></span> <span class='ocrx_word' id='word_1_195' title='bbox 520 1531 614 1561; x_wconf 92' lang='lat' dir='ltr'><em>cum</em></span> <span class='ocrx_word' id='word_1_196' title='bbox 643 1517 688 1560; x_wconf 92' lang='lat' dir='ltr'><em>B</em></span> <span class='ocrx_word' id='word_1_197' title='bbox 709 1521 764 1560; x_wconf 84' lang='lat' dir='ltr'><em>la</em></span> <span class='ocrx_word' id='word_1_198' title='bbox 794 1516 1050 1560; x_wconf 84' lang='lat' dir='ltr'><em>conveniunt</em></span> <span class='ocrx_word' id='word_1_199' title='bbox 1079 1516 1343 1574; x_wconf 74' lang='lat' dir='ltr'><em>(pollicetur</em></span> <span class='ocrx_word' id='word_1_200' title='bbox 1375 1531 1460 1571; x_wconf 89' lang='lat' dir='ltr'><em>pro</em></span> <span class='ocrx_word' id='word_1_201' title='bbox 1492 1517 1623 1573; x_wconf 87' lang='lat' dir='ltr'><em>polli-</em></span> 
     </span>
     <span class='ocr_line' id='line_1_22' title="bbox 30 1574 1031 1633; baseline -0.002 -12"><span class='ocrx_word' id='word_1_202' title='bbox 30 1618 31 1621; x_wconf 75' lang='grc'>,</span> <span class='ocrx_word' id='word_1_203' title='bbox 66 1599 69 1603; x_wconf 49' lang='grc'><strong>&lt;</strong></span> <span class='ocrx_word' id='word_1_204' title='bbox 118 1580 296 1629; x_wconf 71' lang='lat' dir='ltr'><em>centur,</em></span> <span class='ocrx_word' id='word_1_205' title='bbox 329 1577 614 1633; x_wconf 69' lang='lat' dir='ltr'><em>Orbaturque</em></span> <span class='ocrx_word' id='word_1_206' title='bbox 637 1591 722 1631; x_wconf 89' lang='lat' dir='ltr'><em>pro</em></span> <span class='ocrx_word' id='word_1_207' title='bbox 752 1574 1031 1633; x_wconf 52' lang='lat' dir='ltr'><em>oraturque).</em></span> 
     </span>
     <span class='ocr_line' id='line_1_23' title="bbox 31 1635 1625 1696; baseline -0.001 -16"><span class='ocrx_word' id='word_1_208' title='bbox 31 1675 34 1679; x_wconf 88' lang='lat'><em>.</em></span> <span class='ocrx_word' id='word_1_209' title='bbox 58 1646 74 1696; x_wconf 50' lang='grc' dir='ltr'><strong>ᾗ</strong></span> <span class='ocrx_word' id='word_1_210' title='bbox 261 1636 449 1680; x_wconf 81' lang='lat' dir='ltr'><em>Initium</em></span> <span class='ocrx_word' id='word_1_211' title='bbox 487 1638 698 1691; x_wconf 73' lang='lat' dir='ltr'><em>finemque</em></span> <span class='ocrx_word' id='word_1_212' title='bbox 736 1641 889 1691; x_wconf 76' lang='lat' dir='ltr'><em>royatu</em></span> <span class='ocrx_word' id='word_1_213' title='bbox 927 1651 1018 1680; x_wconf 92' lang='lat' dir='ltr'><em>meo</em></span> <span class='ocrx_word' id='word_1_214' title='bbox 1049 1636 1227 1692; x_wconf 76' lang='lat' dir='ltr'><em>beniyne</em></span> <span class='ocrx_word' id='word_1_215' title='bbox 1257 1635 1482 1690; x_wconf 74' lang='lat' dir='ltr'><em>exscripsit</em></span> <span class='ocrx_word' id='word_1_216' title='bbox 1512 1636 1625 1679; x_wconf 87' lang='lat' dir='ltr'><em>Pius</em></span> 
     </span>
     <span class='ocr_line' id='line_1_24' title="bbox 29 1695 1008 1757; baseline -0.001 -17"><span class='ocrx_word' id='word_1_217' title='bbox 29 1718 32 1726; x_wconf 51' lang='lat'><strong><em>¹</em></strong></span> <span class='ocrx_word' id='word_1_218' title='bbox 60 1755 62 1757; x_wconf 21' lang='grc' dir='ltr'>Ι</span> <span class='ocrx_word' id='word_1_219' title='bbox 76 1699 86 1709; x_wconf 75' lang='grc'><em>”</em></span> <span class='ocrx_word' id='word_1_220' title='bbox 119 1696 284 1752; x_wconf 56' lang='lat' dir='ltr'><em>Ruina,</em></span> <span class='ocrx_word' id='word_1_221' title='bbox 315 1696 583 1740; x_wconf 85' lang='lat' dir='ltr'><em>doctissimus</em></span> <span class='ocrx_word' id='word_1_222' title='bbox 612 1696 685 1740; x_wconf 91' lang='lat' dir='ltr'><em>ille</em></span> <span class='ocrx_word' id='word_1_223' title='bbox 717 1695 1008 1739; x_wconf 87' lang='lat' dir='ltr'><em>Florentinus.</em></span> 
     </span>
     <span class='ocr_line' id='line_1_25' title="bbox 57 1765 1623 1825; baseline -0.003 -12.025"><span class='ocrx_word' id='word_1_224' title='bbox 57 1766 59 1770; x_wconf 77' lang='grc'><strong>’</strong></span> <span class='ocrx_word' id='word_1_225' title='bbox 261 1765 394 1825; x_wconf 90' lang='lat' dir='ltr'><em>Ble)</em></span> <span class='ocrx_word' id='word_1_226' title='bbox 441 1767 613 1812; x_wconf 80' lang='lat' dir='ltr'><em>Codices</em></span> <span class='ocrx_word' id='word_1_227' title='bbox 658 1768 1026 1811; x_wconf 88' lang='lat' dir='ltr'><em>Monacenses</em></span> <span class='ocrx_word' id='word_1_228' title='bbox 1071 1783 1115 1811; x_wconf 94' lang='lat' dir='ltr'><em>n.</em></span> <span class='ocrx_word' id='word_1_229' title='bbox 1149 1772 1309 1821; x_wconf 86' lang='grc'>22245,</span> <span class='ocrx_word' id='word_1_230' title='bbox 1357 1781 1466 1811; x_wconf 86' lang='lat' dir='ltr'><em>saec.</em></span> <span class='ocrx_word' id='word_1_231' title='bbox 1502 1767 1623 1821; x_wconf 78' lang='lat' dir='ltr'><em>XII7</em></span> 
     </span>
     <span class='ocr_line' id='line_1_26' title="bbox 119 1827 1626 1884; baseline -0.002 -12.167"><span class='ocrx_word' id='word_1_232' title='bbox 119 1827 358 1884; x_wconf 74' lang='lat' dir='ltr'><em>leyendarii</em></span> <span class='ocrx_word' id='word_1_233' title='bbox 401 1827 754 1883; x_wconf 77' lang='lat' dir='ltr'><em>Windberyensis</em></span> <span class='ocrx_word' id='word_1_234' title='bbox 798 1828 877 1870; x_wconf 86' lang='lat' dir='ltr'><em>vol.</em></span> <span class='ocrx_word' id='word_1_235' title='bbox 925 1828 1005 1871; x_wconf 92' lang='lat' dir='ltr'><em>VI.</em></span> <span class='ocrx_word' id='word_1_236' title='bbox 1052 1842 1215 1871; x_wconf 88' lang='lat' dir='ltr'><em>menses</em></span> <span class='ocrx_word' id='word_1_237' title='bbox 1261 1828 1540 1871; x_wconf 87' lang='lat' dir='ltr'><em>Novembrem</em></span> <span class='ocrx_word' id='word_1_238' title='bbox 1585 1831 1626 1870; x_wconf 89' lang='lat' dir='ltr'><em>et</em></span> 
     </span>
     <span class='ocr_line' id='line_1_27' title="bbox 38 1887 1128 1942; baseline -0.002 -11"><span class='ocrx_word' id='word_1_239' title='bbox 38 1894 55 1934; x_wconf 65' lang='lat'><em>¹.)</em></span> <span class='ocrx_word' id='word_1_240' title='bbox 95 1887 392 1931; x_wconf 30' lang='lat' dir='ltr'><em>*Decembrem</em></span> <span class='ocrx_word' id='word_1_241' title='bbox 422 1888 787 1942; x_wconf 82' lang='lat' dir='ltr'><em>comprehendens,</em></span> <span class='ocrx_word' id='word_1_242' title='bbox 819 1887 894 1940; x_wconf 81' lang='lat' dir='ltr'><em>fol.</em></span> <span class='ocrx_word' id='word_1_243' title='bbox 923 1887 1128 1941; x_wconf 86' lang='grc'>12’-28,</span> 
     </span>
     <span class='ocr_line' id='line_1_28' title="bbox 35 1944 1626 2004; baseline -0.001 -13"><span class='ocrx_word' id='word_1_244' title='bbox 35 1945 45 1961; x_wconf 88' lang='grc'>”</span> <span class='ocrx_word' id='word_1_245' title='bbox 251 1944 392 2004; x_wconf 71' lang='lat' dir='ltr'><em>Ble‘)</em></span> <span class='ocrx_word' id='word_1_246' title='bbox 412 1963 455 1991; x_wconf 94' lang='lat' dir='ltr'><em>n.</em></span> <span class='ocrx_word' id='word_1_247' title='bbox 473 1952 588 1991; x_wconf 88' lang='grc'>9506</span> <span class='ocrx_word' id='word_1_248' title='bbox 600 1946 627 2002; x_wconf 90' lang='lat'><em>(</em></span> <span class='ocrx_word' id='word_1_249' title='bbox 627 1947 840 1991; x_wconf 85' lang='lat' dir='ltr'><em>Ober-Alt.</em></span> <span class='ocrx_word' id='word_1_250' title='bbox 854 1948 916 2002; x_wconf 88' lang='lat'><em>6),</em></span> <span class='ocrx_word' id='word_1_251' title='bbox 939 1961 1047 1990; x_wconf 86' lang='lat' dir='ltr'><em>saec.</em></span> <span class='ocrx_word' id='word_1_252' title='bbox 1068 1947 1187 2001; x_wconf 90' lang='grc' dir='ltr'><em>ΧΙΙ,</em></span> <span class='ocrx_word' id='word_1_253' title='bbox 1209 1946 1562 2000; x_wconf 80' lang='lat' dir='ltr'><em>fol.109‘—120,</em></span> <span class='ocrx_word' id='word_1_254' title='bbox 1585 1950 1626 1989; x_wconf 85' lang='lat' dir='ltr'><em>et</em></span> 
     </span>
     <span class='ocr_line' id='line_1_29' title="bbox 34 2005 1620 2064; baseline -0.003 -12"><span class='ocrx_word' id='word_1_255' title='bbox 34 2022 64 2053; x_wconf 87' lang='grc'><em>,-·</em></span> <span class='ocrx_word' id='word_1_256' title='bbox 253 2007 299 2050; x_wconf 88' lang='grc' dir='ltr'><strong><em>Β</em></strong></span> <span class='ocrx_word' id='word_1_257' title='bbox 313 2005 408 2064; x_wconf 72' lang='grc'><em>16”)</em></span> <span class='ocrx_word' id='word_1_258' title='bbox 430 2007 496 2050; x_wconf 86' lang='lat' dir='ltr'><em>Li</em></span> <span class='ocrx_word' id='word_1_259' title='bbox 501 2006 761 2063; x_wconf 83' lang='lat' dir='ltr'><em>psiensis²</em></span> <span class='ocrx_word' id='word_1_260' title='bbox 777 2006 1049 2050; x_wconf 78' lang='lat' dir='ltr'><em>bibliothecae</em></span> <span class='ocrx_word' id='word_1_261' title='bbox 1063 2011 1237 2050; x_wconf 86' lang='lat' dir='ltr'><em>senatus</em></span> <span class='ocrx_word' id='word_1_262' title='bbox 1252 2021 1295 2049; x_wconf 92' lang='lat' dir='ltr'><em>n.</em></span> <span class='ocrx_word' id='word_1_263' title='bbox 1314 2010 1393 2049; x_wconf 90' lang='grc'><em>196</em></span> <span class='ocrx_word' id='word_1_264' title='bbox 1407 2005 1535 2060; x_wconf 90' lang='lat' dir='ltr'><em>(Rep.</em></span> <span class='ocrx_word' id='word_1_265' title='bbox 1548 2006 1613 2048; x_wconf 93' lang='lat' dir='ltr'><em>II</em></span> <span class='ocrx_word' id='word_1_266' title='bbox 1611 2038 1620 2047; x_wconf 92' lang='lat'><strong><em>.</em></strong></span> 
     </span>
     <span class='ocr_line' id='line_1_30' title="bbox 39 2065 1626 2122; baseline -0.001 -12"><span class='ocrx_word' id='word_1_267' title='bbox 39 2092 60 2105; x_wconf 88' lang='lat'><em>·.</em></span> <span class='ocrx_word' id='word_1_268' title='bbox 119 2067 195 2121; x_wconf 82' lang='lat' dir='ltr'><em>fol.</em></span> <span class='ocrx_word' id='word_1_269' title='bbox 228 2066 354 2122; x_wconf 70' lang='lat'><em>59¹³),</em></span> <span class='ocrx_word' id='word_1_270' title='bbox 395 2081 503 2114; x_wconf 87' lang='lat' dir='ltr'><em>saec.</em></span> <span class='ocrx_word' id='word_1_271' title='bbox 541 2067 659 2120; x_wconf 85' lang='lat' dir='ltr'><strong>XII,</strong></span> <span class='ocrx_word' id='word_1_272' title='bbox 700 2067 775 2119; x_wconf 81' lang='lat' dir='ltr'><em>fol.</em></span> <span class='ocrx_word' id='word_1_273' title='bbox 813 2065 1032 2120; x_wconf 84' lang='lat'>14—-32‘,</span> <span class='ocrx_word' id='word_1_274' title='bbox 1075 2066 1175 2108; x_wconf 89' lang='lat' dir='ltr'><em>olim</em></span> <span class='ocrx_word' id='word_1_275' title='bbox 1217 2065 1368 2109; x_wconf 88' lang='lat' dir='ltr'><em>‘sancti</em></span> <span class='ocrx_word' id='word_1_276' title='bbox 1403 2065 1626 2109; x_wconf 86' lang='lat' dir='ltr'><em>Mauricii</em></span> 
     </span>
     <span class='ocr_line' id='line_1_31' title="bbox 86 2125 1620 2180; baseline -0.001 -10"><span class='ocrx_word' id='word_1_277' title='bbox 86 2145 90 2159; x_wconf 92' lang='lat'><em>·</em></span> <span class='ocrx_word' id='word_1_278' title='bbox 119 2126 168 2170; x_wconf 84' lang='lat' dir='ltr'><em>in</em></span> <span class='ocrx_word' id='word_1_279' title='bbox 188 2127 347 2170; x_wconf 84' lang='lat' dir='ltr'><em>Altach</em></span> <span class='ocrx_word' id='word_1_280' title='bbox 370 2126 602 2180; x_wconf 77' lang='lat' dir='ltr'><em>inferiori&#39;,</em></span> <span class='ocrx_word' id='word_1_281' title='bbox 634 2125 755 2179; x_wconf 82' lang='lat' dir='ltr'><em>foliis</em></span> <span class='ocrx_word' id='word_1_282' title='bbox 779 2125 1010 2180; x_wconf 88' lang='lat' dir='ltr'><em>deperditis</em></span> <span class='ocrx_word' id='word_1_283' title='bbox 1039 2126 1214 2168; x_wconf 88' lang='lat' dir='ltr'><em>mutilus</em></span> <span class='ocrx_word' id='word_1_284' title='bbox 1243 2125 1293 2168; x_wconf 89' lang='lat' dir='ltr'><em>in</em></span> <span class='ocrx_word' id='word_1_285' title='bbox 1316 2125 1455 2179; x_wconf 79' lang='lat' dir='ltr'><em>verbis</em></span> <span class='ocrx_word' id='word_1_286' title='bbox 1476 2125 1517 2179; x_wconf 82' lang='grc' dir='ltr'><em>Ι,</em></span> <span class='ocrx_word' id='word_1_287' title='bbox 1541 2129 1620 2168; x_wconf 88' lang='lat'><em>30:</em></span> 
     </span>
     <span class='ocr_line' id='line_1_32' title="bbox 47 2183 1625 2243; baseline -0.001 -13"><span class='ocrx_word' id='word_1_288' title='bbox 47 2187 56 2243; x_wconf 44' lang='grc' dir='ltr'><em>ἶ,</em></span> <span class='ocrx_word' id='word_1_289' title='bbox 120 2187 324 2231; x_wconf 53' lang='lat' dir='ltr'><em>Litteras</em></span> <span class='ocrx_word' id='word_1_290' title='bbox 349 2183 483 2242; x_wconf 67' lang='lat' dir='ltr'><em>castil</em></span> <span class='ocrx_word' id='word_1_291' title='bbox 511 2186 722 2240; x_wconf 80' lang='lat' dir='ltr'><em>desinens,</em></span> <span class='ocrx_word' id='word_1_292' title='bbox 754 2185 906 2240; x_wconf 78' lang='lat' dir='ltr'><em>quibus</em></span> <span class='ocrx_word' id='word_1_293' title='bbox 936 2200 990 2228; x_wconf 93' lang='lat' dir='ltr'><em>m.</em></span> <span class='ocrx_word' id='word_1_294' title='bbox 1017 2199 1051 2228; x_wconf 90' lang='lat' dir='ltr'><em>s.</em></span> <span class='ocrx_word' id='word_1_295' title='bbox 1077 2186 1213 2229; x_wconf 93' lang='lat' dir='ltr'><strong>XIV.</strong></span> <span class='ocrx_word' id='word_1_296' title='bbox 1247 2184 1500 2239; x_wconf 87' lang='lat' dir='ltr'><em>adscripsit:</em></span> <span class='ocrx_word' id='word_1_297' title='bbox 1532 2185 1625 2228; x_wconf 88' lang='lat' dir='ltr'><em>Hic</em></span> 
     </span>
     <span class='ocr_line' id='line_1_33' title="bbox 91 2247 676 2303; baseline -0.005 -12"><span class='ocrx_word' id='word_1_298' title='bbox 91 2294 94 2297; x_wconf 71' lang='grc'>,</span> <span class='ocrx_word' id='word_1_299' title='bbox 121 2249 192 2291; x_wconf 73' lang='lat' dir='ltr'><em>est</em></span> <span class='ocrx_word' id='word_1_300' title='bbox 223 2260 419 2303; x_wconf 80' lang='lat' dir='ltr'><em>magnus</em></span> <span class='ocrx_word' id='word_1_301' title='bbox 451 2247 676 2298; x_wconf 75' lang='lat' dir='ltr'><em>defectus,</em></span> 
     </span>
     <span class='ocr_line' id='line_1_34' title="bbox 40 2303 1628 2364; baseline -0.001 -15"><span class='ocrx_word' id='word_1_302' title='bbox 40 2340 54 2364; x_wconf 41' lang='lat'><em>3,</em></span> <span class='ocrx_word' id='word_1_303' title='bbox 275 2306 324 2349; x_wconf 94' lang='lat' dir='ltr'><strong><em>V.</em></strong></span> <span class='ocrx_word' id='word_1_304' title='bbox 364 2305 617 2349; x_wconf 83' lang='lat' dir='ltr'><em>Columbani</em></span> <span class='ocrx_word' id='word_1_305' title='bbox 647 2309 802 2348; x_wconf 89' lang='lat' dir='ltr'><em>textum</em></span> <span class='ocrx_word' id='word_1_306' title='bbox 833 2305 1010 2348; x_wconf 83' lang='lat' dir='ltr'><em>eundem</em></span> <span class='ocrx_word' id='word_1_307' title='bbox 1040 2304 1257 2348; x_wconf 87' lang='lat' dir='ltr'><em>continent</em></span> <span class='ocrx_word' id='word_1_308' title='bbox 1286 2306 1346 2348; x_wconf 89' lang='lat' dir='ltr'><em>ad</em></span> <span class='ocrx_word' id='word_1_309' title='bbox 1374 2305 1550 2348; x_wconf 88' lang='lat' dir='ltr'><em>classem</em></span> <span class='ocrx_word' id='word_1_310' title='bbox 1579 2303 1628 2346; x_wconf 87' lang='lat' dir='ltr'><em>B</em></span> 
     </span>
     <span class='ocr_line' id='line_1_35' title="bbox 67 2363 1627 2421; baseline -0.001 -12.024"><span class='ocrx_word' id='word_1_311' title='bbox 67 2395 69 2401; x_wconf 88' lang='lat'>·</span> <span class='ocrx_word' id='word_1_312' title='bbox 112 2365 416 2421; x_wconf 86' lang='lat' dir='ltr'><em>pertinentem,</em></span> <span class='ocrx_word' id='word_1_313' title='bbox 458 2366 751 2420; x_wconf 77' lang='lat' dir='ltr'><em>exemplarque</em></span> <span class='ocrx_word' id='word_1_314' title='bbox 789 2365 903 2407; x_wconf 88' lang='lat' dir='ltr'><em>unde</em></span> <span class='ocrx_word' id='word_1_315' title='bbox 933 2366 1124 2419; x_wconf 87' lang='lat' dir='ltr'><em>pendent</em></span> <span class='ocrx_word' id='word_1_316' title='bbox 1163 2364 1378 2408; x_wconf 85' lang='lat' dir='ltr'><em>lectionem</em></span> <span class='ocrx_word' id='word_1_317' title='bbox 1418 2363 1627 2407; x_wconf 88' lang='lat' dir='ltr'><em>librorum</em></span> 
     </span>
     <span class='ocr_line' id='line_1_36' title="bbox 38 2422 1624 2480; baseline 0.001 -15"><span class='ocrx_word' id='word_1_318' title='bbox 38 2462 40 2465; x_wconf 81' lang='grc'>,</span> <span class='ocrx_word' id='word_1_319' title='bbox 77 2426 82 2430; x_wconf 85' lang='lat'>&#39;</span> <span class='ocrx_word' id='word_1_320' title='bbox 120 2425 256 2469; x_wconf 88' lang='lat' dir='ltr'><em>Bla.</em></span> <span class='ocrx_word' id='word_1_321' title='bbox 291 2426 328 2469; x_wconf 91' lang='lat' dir='ltr'><em>b.</em></span> <span class='ocrx_word' id='word_1_322' title='bbox 361 2426 403 2468; x_wconf 89' lang='lat' dir='ltr'><em>d.</em></span> <span class='ocrx_word' id='word_1_323' title='bbox 443 2426 630 2468; x_wconf 73' lang='lat' dir='ltr'>ululatu</span> <span class='ocrx_word' id='word_1_324' title='bbox 667 2439 753 2480; x_wconf 91' lang='lat' dir='ltr'><em>pro</em></span> <span class='ocrx_word' id='word_1_325' title='bbox 793 2425 972 2468; x_wconf 72' lang='lat' dir='ltr'><em>eiulatu</em></span> <span class='ocrx_word' id='word_1_326' title='bbox 1020 2422 1100 2476; x_wconf 88' lang='lat' dir='ltr'><em>(ita</em></span> <span class='ocrx_word' id='word_1_327' title='bbox 1130 2424 1223 2467; x_wconf 84' lang='lat' dir='ltr'><em>B2</em></span> <span class='ocrx_word' id='word_1_328' title='bbox 1256 2438 1349 2467; x_wconf 85' lang='lat' dir='ltr'><em>cum</em></span> <span class='ocrx_word' id='word_1_329' title='bbox 1380 2423 1441 2480; x_wconf 82' lang='lat' dir='ltr'><em>A)</em></span> <span class='ocrx_word' id='word_1_330' title='bbox 1485 2438 1517 2467; x_wconf 90' lang='lat' dir='ltr'><em>c.</em></span> <span class='ocrx_word' id='word_1_331' title='bbox 1552 2428 1624 2468; x_wconf 88' lang='grc'><em>20.</em></span> 
     </span>
     <span class='ocr_line' id='line_1_37' title="bbox 47 2483 1629 2540; baseline -0.002 -11"><span class='ocrx_word' id='word_1_332' title='bbox 47 2493 67 2540; x_wconf 76' lang='grc'><em>,’</em></span> <span class='ocrx_word' id='word_1_333' title='bbox 121 2485 352 2540; x_wconf 76' lang='lat' dir='ltr'><em>exhibebat,</em></span> <span class='ocrx_word' id='word_1_334' title='bbox 384 2485 458 2528; x_wconf 86' lang='lat' dir='ltr'><em>sed</em></span> <span class='ocrx_word' id='word_1_335' title='bbox 487 2484 589 2528; x_wconf 90' lang='lat' dir='ltr'><em>locis</em></span> <span class='ocrx_word' id='word_1_336' title='bbox 618 2483 839 2528; x_wconf 83' lang='lat' dir='ltr'><em>nonnullis</em></span> <span class='ocrx_word' id='word_1_337' title='bbox 869 2483 998 2527; x_wconf 90' lang='lat' dir='ltr'><em>etiam</em></span> <span class='ocrx_word' id='word_1_338' title='bbox 1028 2498 1122 2527; x_wconf 82' lang='lat' dir='ltr'><em>cum</em></span> <span class='ocrx_word' id='word_1_339' title='bbox 1152 2483 1364 2527; x_wconf 86' lang='lat' dir='ltr'><em>codicibus</em></span> <span class='ocrx_word' id='word_1_340' title='bbox 1389 2483 1629 2527; x_wconf 88' lang='lat' dir='ltr'><em>Bavaricis</em></span> 
     </span>
     <span class='ocr_line' id='line_1_38' title="bbox 40 2544 645 2595; baseline 0 -7"><span class='ocrx_word' id='word_1_341' title='bbox 40 2582 67 2595; x_wconf 38' lang='grc'><strong>.</strong></span> <span class='ocrx_word' id='word_1_342' title='bbox 121 2545 166 2588; x_wconf 82' lang='grc' dir='ltr'><strong><em>Α</em></strong></span> <span class='ocrx_word' id='word_1_343' title='bbox 190 2550 250 2589; x_wconf 91' lang='lat' dir='ltr'><em>lc.</em></span> <span class='ocrx_word' id='word_1_344' title='bbox 277 2545 316 2588; x_wconf 80' lang='lat' dir='ltr'><em>c*</em></span> <span class='ocrx_word' id='word_1_345' title='bbox 350 2544 645 2588; x_wconf 86' lang='lat' dir='ltr'><em>conveniebat:</em></span> 
     </span>
    </p>
   </div>
   <div class='ocr_carea' id='block_1_4' title="bbox 0 70 4 623">
    <p class='ocr_par' dir='ltr' id='par_1_4' title="bbox 0 70 4 623">
     <span class='ocr_line' id='line_1_39' title="bbox 0 70 4 623; baseline 0 0"><span class='ocrx_word' id='word_1_346' title='bbox 0 70 4 623; x_wconf 95' lang='lat' dir='ltr'><em> </em></span> 
     </span>
    </p>
   </div>
   <div class='ocr_carea' id='block_1_5' title="bbox 0 0 102 3302">
    <p class='ocr_par' dir='ltr' id='par_1_5' title="bbox 0 0 102 3302">
     <span class='ocr_line' id='line_1_40' title="bbox 0 0 102 3302; baseline 0 0"><span class='ocrx_word' id='word_1_347' title='bbox 0 0 102 3302; x_wconf 95' lang='lat' dir='ltr'><em>   </em></span> 
     </span>
    </p>
   </div>
   <div class='ocr_carea' id='block_1_6' title="bbox 40 2677 1629 2874">
    <p class='ocr_par' dir='ltr' id='par_1_6' title="bbox 40 2677 1628 2825">
     <span class='ocr_line' id='line_1_41' title="bbox 40 2677 1628 2748; baseline -0.004 -25"><span class='ocrx_word' id='word_1_348' title='bbox 40 2677 72 2748; x_wconf 51' lang='lat' dir='ltr'>J</span> <span class='ocrx_word' id='word_1_349' title='bbox 124 2687 160 2730; x_wconf 89' lang='lat'><em>1)</em></span> <span class='ocrx_word' id='word_1_350' title='bbox 186 2685 245 2728; x_wconf 80' lang='lat' dir='ltr'><strong><em>Of.</em></strong></span> <span class='ocrx_word' id='word_1_351' title='bbox 272 2686 330 2722; x_wconf 82' lang='lat' dir='ltr'><em>‘.N</em></span> <span class='ocrx_word' id='word_1_352' title='bbox 356 2685 480 2721; x_wconf 73' lang='lat' dir='ltr'><em>Arch!</em></span> <span class='ocrx_word' id='word_1_353' title='bbox 505 2685 651 2729; x_wconf 90' lang='lat' dir='ltr'><strong>XXVI,</strong></span> <span class='ocrx_word' id='word_1_354' title='bbox 671 2696 712 2729; x_wconf 88' lang='lat' dir='ltr'><em>p.</em></span> <span class='ocrx_word' id='word_1_355' title='bbox 730 2686 811 2721; x_wconf 84' lang='lat'><em>325.</em></span> <span class='ocrx_word' id='word_1_356' title='bbox 860 2685 927 2719; x_wconf 70' lang='lat' dir='ltr'><em>Eu·</em></span> <span class='ocrx_word' id='word_1_357' title='bbox 913 2696 986 2719; x_wconf 71' lang='lat' dir='ltr'><em>iam</em></span> <span class='ocrx_word' id='word_1_358' title='bbox 1017 2685 1111 2719; x_wconf 87' lang='lat' dir='ltr'><em>alter</em></span> <span class='ocrx_word' id='word_1_359' title='bbox 1142 2685 1183 2720; x_wconf 90' lang='lat' dir='ltr'><strong><em>V.</em></strong></span> <span class='ocrx_word' id='word_1_360' title='bbox 1212 2684 1424 2719; x_wconf 82' lang='lat' dir='ltr'><em>Columbani</em></span> <span class='ocrx_word' id='word_1_361' title='bbox 1452 2684 1561 2718; x_wconf 85' lang='lat' dir='ltr'><em>codex</em></span> <span class='ocrx_word' id='word_1_362' title='bbox 1586 2684 1628 2716; x_wconf 76' lang='lat' dir='ltr'><em>in</em></span> 
     </span>
     <span class='ocr_line' id='line_1_42' title="bbox 124 2731 1626 2776; baseline -0.002 -8"><span class='ocrx_word' id='word_1_363' title='bbox 124 2733 239 2768; x_wconf 74' lang='lat' dir='ltr'><em>eodem</em></span> <span class='ocrx_word' id='word_1_364' title='bbox 263 2735 480 2767; x_wconf 85' lang='lat' dir='ltr'><em>monasterio</em></span> <span class='ocrx_word' id='word_1_365' title='bbox 504 2733 588 2767; x_wconf 86' lang='lat' dir='ltr'><em>olim</em></span> <span class='ocrx_word' id='word_1_366' title='bbox 605 2733 860 2767; x_wconf 85' lang='lat' dir='ltr'><em>asservabatur</em></span> <span class='ocrx_word' id='word_1_367' title='bbox 876 2733 941 2776; x_wconf 79' lang='lat' dir='ltr'><em>(cf.</em></span> <span class='ocrx_word' id='word_1_368' title='bbox 961 2734 1030 2767; x_wconf 80' lang='lat' dir='ltr'><em>Ar</em></span> <span class='ocrx_word' id='word_1_369' title='bbox 1032 2731 1097 2768; x_wconf 67' lang='lat' dir='ltr'><em>ch!</em></span> <span class='ocrx_word' id='word_1_370' title='bbox 1115 2732 1208 2776; x_wconf 88' lang='lat' dir='ltr'><strong>XII,</strong></span> <span class='ocrx_word' id='word_1_371' title='bbox 1231 2743 1270 2776; x_wconf 88' lang='lat' dir='ltr'><em>p.</em></span> <span class='ocrx_word' id='word_1_372' title='bbox 1290 2733 1378 2774; x_wconf 85' lang='grc'>728)</span> <span class='ocrx_word' id='word_1_373' title='bbox 1402 2742 1436 2766; x_wconf 94' lang='lat' dir='ltr'><em>n.</em></span> <span class='ocrx_word' id='word_1_374' title='bbox 1457 2733 1479 2766; x_wconf 97' lang='grc'><em>2</em></span> <span class='ocrx_word' id='word_1_375' title='bbox 1503 2731 1626 2774; x_wconf 77' lang='grc'>(662),</span> 
     </span>
     <span class='ocr_line' id='line_1_43' title="bbox 124 2777 1627 2825; baseline -0.004 -8"><span class='ocrx_word' id='word_1_376' title='bbox 124 2781 184 2825; x_wconf 74' lang='lat' dir='ltr'><em>fol.</em></span> <span class='ocrx_word' id='word_1_377' title='bbox 201 2782 284 2825; x_wconf 81' lang='lat'><strong>242,</strong></span> <span class='ocrx_word' id='word_1_378' title='bbox 309 2782 393 2815; x_wconf 78' lang='lat' dir='ltr'><em>item</em></span> <span class='ocrx_word' id='word_1_379' title='bbox 419 2791 442 2814; x_wconf 86' lang='lat' dir='ltr'><em>a</em></span> <span class='ocrx_word' id='word_1_380' title='bbox 467 2791 495 2816; x_wconf 83' lang='lat' dir='ltr'><em>e.</em></span> <span class='ocrx_word' id='word_1_381' title='bbox 513 2782 548 2816; x_wconf 89' lang='grc'>2.</span> <span class='ocrx_word' id='word_1_382' title='bbox 573 2781 748 2824; x_wconf 81' lang='lat' dir='ltr'><em>incipiens</em></span> <span class='ocrx_word' id='word_1_383' title='bbox 771 2783 802 2814; x_wconf 77' lang='lat' dir='ltr'><em>et</em></span> <span class='ocrx_word' id='word_1_384' title='bbox 825 2781 988 2815; x_wconf 83' lang='lat' dir='ltr'><em>desinens</em></span> <span class='ocrx_word' id='word_1_385' title='bbox 1012 2780 1070 2814; x_wconf 81' lang='lat' dir='ltr'><em>his</em></span> <span class='ocrx_word' id='word_1_386' title='bbox 1094 2780 1232 2814; x_wconf 82' lang='lat' dir='ltr'><em>verbis:</em></span> <span class='ocrx_word' id='word_1_387' title='bbox 1264 2781 1374 2814; x_wconf 79' lang='lat' dir='ltr'><em>nocte</em></span> <span class='ocrx_word' id='word_1_388' title='bbox 1398 2778 1468 2812; x_wconf 82' lang='lat' dir='ltr'><em>hac</em></span> <span class='ocrx_word' id='word_1_389' title='bbox 1493 2777 1627 2812; x_wconf 81' lang='lat' dir='ltr'><em>disces-</em></span> 
     </span>
    </p>

    <p class='ocr_par' dir='ltr' id='par_1_7' title="bbox 49 2826 1629 2874">
     <span class='ocr_line' id='line_1_44' title="bbox 49 2826 1629 2874; baseline -0.003 -10"><span class='ocrx_word' id='word_1_390' title='bbox 49 2837 65 2874; x_wconf 57' lang='grc' dir='ltr'><strong>ζ</strong></span> <span class='ocrx_word' id='word_1_391' title='bbox 124 2830 261 2865; x_wconf 70' lang='lat' dir='ltr'><em>uerunt.</em></span> <span class='ocrx_word' id='word_1_392' title='bbox 302 2828 342 2863; x_wconf 83' lang='lat' dir='ltr'><em>Is</em></span> <span class='ocrx_word' id='word_1_393' title='bbox 365 2830 405 2862; x_wconf 84' lang='lat' dir='ltr'><em>in</em></span> <span class='ocrx_word' id='word_1_394' title='bbox 427 2829 683 2872; x_wconf 84' lang='lat' dir='ltr'><em>possessionem</em></span> <span class='ocrx_word' id='word_1_395' title='bbox 700 2828 923 2862; x_wconf 83' lang='lat' dir='ltr'><em>bibliothecae</em></span> <span class='ocrx_word' id='word_1_396' title='bbox 946 2828 1147 2862; x_wconf 82' lang='lat' dir='ltr'><em>nationalis</em></span> <span class='ocrx_word' id='word_1_397' title='bbox 1164 2829 1342 2862; x_wconf 82' lang='lat' dir='ltr'><em>transisse</em></span> <span class='ocrx_word' id='word_1_398' title='bbox 1365 2828 1510 2860; x_wconf 82' lang='lat' dir='ltr'><em>minime</em></span> <span class='ocrx_word' id='word_1_399' title='bbox 1531 2826 1629 2860; x_wconf 76' lang='lat' dir='ltr'><em>vide—</em></span> 
     </span>
    </p>
   </div>
   <div class='ocr_carea' id='block_1_7' title="bbox 50 2874 1628 2977">
    <p class='ocr_par' dir='ltr' id='par_1_8' title="bbox 50 2874 1627 2977">
     <span class='ocr_line' id='line_1_45' title="bbox 50 2874 1627 2928; baseline -0.003 -17"><span class='ocrx_word' id='word_1_400' title='bbox 50 2876 66 2928; x_wconf 59' lang='grc' dir='ltr'>ζ</span> <span class='ocrx_word' id='word_1_401' title='bbox 123 2880 197 2920; x_wconf 74' lang='lat' dir='ltr'><em>tur,</em></span> <span class='ocrx_word' id='word_1_402' title='bbox 231 2877 292 2911; x_wconf 79' lang='lat' dir='ltr'><em>sed</em></span> <span class='ocrx_word' id='word_1_403' title='bbox 315 2886 385 2921; x_wconf 79' lang='lat' dir='ltr'><em>quo</em></span> <span class='ocrx_word' id='word_1_404' title='bbox 409 2878 557 2911; x_wconf 82' lang='lat' dir='ltr'><em>venisset</em></span> <span class='ocrx_word' id='word_1_405' title='bbox 582 2876 730 2909; x_wconf 76' lang='lat' dir='ltr'><em>adiutor</em></span> <span class='ocrx_word' id='word_1_406' title='bbox 752 2876 956 2910; x_wconf 79' lang='lat' dir='ltr'><em>studiorum</em></span> <span class='ocrx_word' id='word_1_407' title='bbox 980 2886 1138 2910; x_wconf 87' lang='lat' dir='ltr'><em>meorum</em></span> <span class='ocrx_word' id='word_1_408' title='bbox 1163 2885 1286 2909; x_wconf 83' lang='lat' dir='ltr'><em>eruere</em></span> <span class='ocrx_word' id='word_1_409' title='bbox 1309 2874 1427 2908; x_wconf 85' lang='lat' dir='ltr'><em>adhuc</em></span> <span class='ocrx_word' id='word_1_410' title='bbox 1449 2874 1627 2917; x_wconf 83' lang='lat' dir='ltr'><em>nequibat</em></span> 
     </span>
     <span class='ocr_line' id='line_1_46' title="bbox 51 2918 1628 2977; baseline -0.003 -17"><span class='ocrx_word' id='word_1_411' title='bbox 51 2918 69 2977; x_wconf 57' lang='lat' dir='ltr'><em>*f</em></span> <span class='ocrx_word' id='word_1_412' title='bbox 123 2923 162 2970; x_wconf 81' lang='lat'><em>2)</em></span> <span class='ocrx_word' id='word_1_413' title='bbox 180 2924 235 2967; x_wconf 77' lang='lat' dir='ltr'><strong><em>C&#39;f.</em></strong></span> <span class='ocrx_word' id='word_1_414' title='bbox 253 2924 466 2968; x_wconf 85' lang='lat' dir='ltr'><em>Naumann,</em></span> <span class='ocrx_word' id='word_1_415' title='bbox 485 2924 723 2967; x_wconf 75' lang='lat' dir='ltr'><em>Cataloqus</em></span> <span class='ocrx_word' id='word_1_416' title='bbox 697 2923 778 2959; x_wconf 83' lang='lat' dir='ltr'><em>li.br</em></span> <span class='ocrx_word' id='word_1_417' title='bbox 795 2934 879 2959; x_wconf 86' lang='lat' dir='ltr'><em>mss.</em></span> <span class='ocrx_word' id='word_1_418' title='bbox 899 2923 979 2959; x_wconf 85' lang='lat' dir='ltr'><em>bibl.</em></span> <span class='ocrx_word' id='word_1_419' title='bbox 996 2924 1150 2957; x_wconf 81' lang='lat' dir='ltr'><em>civitatis</em></span> <span class='ocrx_word' id='word_1_420' title='bbox 1167 2923 1379 2966; x_wconf 72' lang='lat' dir='ltr'><em>Lipsiensis,</em></span> <span class='ocrx_word' id='word_1_421' title='bbox 1398 2922 1502 2964; x_wconf 80' lang='lat'>1838,</span> <span class='ocrx_word' id='word_1_422' title='bbox 1515 2933 1553 2966; x_wconf 83' lang='lat' dir='ltr'><em>p.</em></span> <span class='ocrx_word' id='word_1_423' title='bbox 1568 2921 1628 2957; x_wconf 89' lang='grc'><em>62</em></span> 
     </span>
    </p>
   </div>
   <div class='ocr_carea' id='block_1_8' title="bbox 51 3019 69 3074">
    <p class='ocr_par' dir='ltr' id='par_1_9' title="bbox 51 3019 69 3074">
     <span class='ocr_line' id='line_1_47' title="bbox 51 3019 69 3074; baseline 0 0"><span class='ocrx_word' id='word_1_424' title='bbox 51 3019 69 3074; x_wconf 49' lang='lat' dir='ltr'><em>fif*</em></span> 
     </span>
    </p>
   </div>
   <div class='ocr_carea' id='block_1_9' title="bbox 45 3074 96 3302">
    <p class='ocr_par' dir='ltr' id='par_1_10' title="bbox 45 3074 96 3302">
     <span class='ocr_line' id='line_1_48' title="bbox 45 3074 96 3302; baseline 0 -161"><span class='ocrx_word' id='word_1_425' title='bbox 45 3074 96 3302; x_wconf 41' lang='grc' dir='ltr'><strong>ί</strong></span> 
     </span>
    </p>
   </div>
  </div>
 </body>
</html>
