2008 3302
386 305 435 341 86
676 300 844 347 IONAS,
864 299 1026 336 VITAE
1052 298 1358 335 COLUMBANI
1382 299 1527 335 LIBRI.
1552 298 1605 339 11.

534 423 609 476 fol.
635 423 839 464 58‘—-79.
874 421 975 465 libri
1002 421 1176 465 secund-i
1192 435 1304 476 pars
1322 421 1534 475 posterior
1560 419 1650 475 (II,
1677 425 1790 464 11—
1803 420 1895 478 25),

389 497 498 538 quae
525 482 691 526 tertium
716 482 785 525 hic
811 481 966 524 librum
991 481 1138 535 efficit,
1170 482 1246 523 sed
1269 495 1302 524 c.
1327 485 1397 523 22.
1423 480 1530 534 finis
1554 480 1655 524 inde
1680 495 1708 524 a
1731 480 1895 524 verbis:

392 543 616 585 Similiter
648 543 741 584 alia
772 542 930 597 puella
962 541 1242 584 desideratur.

541 601 679 644 Codex
719 615 770 644 ex
810 600 934 643 libris
974 600 1124 643 classis
1158 600 1201 642 A
1234 599 1575 655 perfectissimus
1614 599 1783 654 quidem
1822 603 1893 654 est,

388 662 464 704 sed
491 661 567 714 fol.
596 664 753 703 1—16.
787 675 880 704 cum
911 661 958 703 V.
992 659 1192 702 Eustasii
1216 664 1365 714 postea
1397 664 1674 703 accesserunt.

534 720 783 774 Scripturae
813 719 1021 774 specimen
1053 719 1168 762 dedit
1198 719 1374 762 Lawlor
1405 720 1488 762 tab.
1521 719 1658 762 VIII.
1978 750 1993 768 ψ,

532 778 680 834 A2a*)
716 779 854 823 Codex
883 778 1349 835 Compendiensis,
1382 792 1463 832 quo
1484 778 1896 822 Mabilloniususus
1982 776 1990 810 J

388 843 460 893 est,
504 839 650 882 omnia
680 839 771 892 fere
803 838 939 882 tribus
970 838 1094 881 libris
1126 838 1328 882 distincta
1360 837 1601 881 continebat
1629 851 1737 892 quae
1769 851 1895 893 prae·
1975 835 2002 886 ρ’

389 901 548 953 cedem,
572 898 730 942 scilicet
749 898 858 941 libro
875 898 1019 952 primo
1046 899 1095 941 V.
1125 897 1388 951 Columbani,
1414 898 1596 941 secundo
1621 898 1671 941 V.
1693 897 1893 949 Athenae,
1986 899 1998 958 η’

390 958 512 1001 tertio
551 958 764 1001 miracula
795 958 1108 1001 Evoriacensia
1149 972 1243 1001 cum
1283 958 1332 1000 V.
1365 957 1555 1010 Bertulsi
1594 957 1896 1012 miraculisque
1919 974 1977 1003 ιο,

387 1017 695 1070 Bobiensibus,
740 1018 815 1060 sed
854 1017 903 1059 V.
944 1017 1144 1060 Eustasii
1185 1016 1522 1060 desiderabatur.
1593 1016 1744 1060 Etiam
1789 1016 1896 1070 finis
1974 1023 1989 1075 ζ]

388 1091 422 1120 c.
446 1081 517 1119 22.
542 1076 643 1120 libri
665 1077 735 1119 II.
758 1076 799 1119 ei
819 1078 963 1119 deerat
984 1081 1108 1130 atque
1128 1076 1304 1130 insuper
1325 1077 1437 1130 quod
1454 1076 1505 1119 in
1530 1075 1606 1120 illo
1626 1080 1740 1120 extat
1763 1091 1798 1120 c.
1821 1080 1894 1119 25.
1980 1089 1986 1096 ·

531 1136 575 1178 A
592 1135 701 1190 2a**)
742 1135 882 1179 Codex
911 1136 1311 1179 Bruxellensis
1351 1151 1395 1178 n.
1428 1139 1555 1190 7461,
1598 1150 1706 1179 saec.
1742 1136 1893 1179 XIII.

386 1195 463 1249 in.,
507 1195 606 1237 olim
638 1196 778 1239 Liber
818 1198 976 1239 sancte
1015 1196 1161 1238 Marie
1205 1197 1261 1238 de
1293 1195 1526 1247 Valcellis‚
1569 1197 1800 1240 adnotante
1837 1210 1893 1239 m.
1975 1237 1983 1243 .

386 1270 420 1298 s.
457 1255 600 1298 XIII
642 1254 703 1309 (p.
738 1256 861 1310 412),
909 1259 996 1297 tum
1033 1255 1316 1298 Balthasaris
1355 1255 1529 1309 Moreti,
1577 1270 1607 1298 a
1650 1269 1732 1310 quo
1776 1255 1896 1309 facta
1920 1273 1958 1301 ιι

379 1314 694 1368 permutatione
737 1329 777 1357 a.
816 1318 942 1357 1637.
983 1315 1034 1357 in
1064 1314 1373 1369 possessionem
1414 1315 1591 1357 Domus
1630 1315 1749 1372 prof.
1792 1316 1892 1359 Soc.

388 1375 497 1418 Iesu
543 1375 766 1431 Antverp.
815 1373 892 1428 (m.
940 1389 974 1416 s.
1018 1375 1184 1427 XVII,
1225 1389 1271 1428 p.
1311 1373 1356 1428 1)
1402 1373 1536 1426 venit,
1592 1374 1790 1429 siynatus
1833 1375 1896 1418 ibi
1982 1417 1990 1429 ,

387 1434 442 1476 P.
477 1437 574 1487 160,
616 1430 728 1476 vitas
758 1437 1002 1477 sanctorum
1044 1434 1253 1476 mensium
1285 1433 1539 1476 Novembris
1578 1438 1618 1477 et
1645 1434 1896 1478 Decembris
1981 1439 1989 1460 ”

390 1493 575 1536 continet
604 1507 697 1536 cum
729 1493 843 1536 alias
875 1497 962 1535 tum
994 1494 1042 1536 V.
1085 1493 1336 1536 Columbani
1368 1493 1524 1536 librum
1554 1497 1789 1549 utrumque,
1821 1495 1897 1538 sed
1975 1498 1995 1533 .'

380 1552 528 1607 priori
558 1557 598 1595 et
627 1553 853 1596 laterculus
884 1552 1072 1608 capitum
1108 1557 1147 1595 et
1186 1552 1383 1596 carmina
1422 1552 1471 1595 in
1511 1553 1623 1597 calce
1653 1554 1806 1597 desunt
1835 1557 1894 1597 at·
1918 1570 1957 1599 ιο
1991 1568 1995 1609 ἰ,-

389 1626 467 1666 que
497 1612 546 1655 in
568 1612 804 1666 posteriore
834 1613 883 1655 V.
916 1612 1115 1655 Eustasii
1148 1610 1239 1666 (II,
1266 1613 1432 1668 7—10)
1466 1612 1736 1656 desideratur
1763 1627 1894 1668 eaque
1992 1615 1994 1620 ’

389 1685 497 1725 quae
528 1676 627 1727 post
666 1671 829 1715 hiatum
869 1676 1102 1726 sequuntur
1132 1672 1287 1714 librum
1328 1672 1496 1715 tertium
1536 1672 1745 1727 efficiunt,
1785 1673 1898 1717 siout

386 1732 436 1774 in
466 1731 510 1773 A
529 1736 597 1774 2a.
651 1732 812 1774 Insunt
839 1731 975 1786 iyitur

523 1806 570 1846 p.
596 1795 651 1834 90
663 1795 824 1834 -115,
859 1791 907 1834 V.
948 1790 1199 1835 Columbani
1230 1805 1323 1834 cum
1354 1791 1560 1846 epistula:
1592 1792 1767 1848 Incipit
1797 1806 1894 1848 pre-

386 1852 506 1894 fatio
547 1852 595 1893 in
636 1852 734 1894 vita
775 1852 926 1894 sancti
958 1851 1235 1894 columbani
1277 1852 1460 1894 abbatis
1492 1875 1550 1881 —
1589 1875 1650 1881 --
1690 1852 1894 1908 Explicit
1918 1839 1994 1896 π’

387 1911 620 1966 prologus.
683 1911 859 1967 Incipit
899 1911 1018 1954 liber
1058 1912 1232 1967 primus
1271 1912 1394 1954 vitae
1436 1912 1585 1954 sancti
1618 1911 1894 1955 Oolumbani
1991 1899 1995 1919 ³

389 1971 584 2022 abbatis,
630 1971 760 2013 cuius
803 1971 1047 2014 celebritas
1086 1973 1156 2013 est
1189 1971 1273 2013 IX.
1307 1971 1384 2013 Kl.
1418 1971 1702 2014 Decembris.
1763 1971 1894 2014 Ruti·

388 2030 564 2072 lantem
591 2054 641 2058 —
666 2053 726 2059 —
749 2031 952 2086 Explicit
977 2030 1096 2073 liber
1122 2031 1310 2086 primus,
1343 2029 1417 2073 ubi
1439 2030 1804 2084 praescriptiones
1828 2045 1895 2074 ca-

379 2088 522 2143 pitum
553 2090 721 2143 adsunt,
753 2091 828 2132 sed
857 2089 1027 2132 numeri
1058 2089 1367 2143 desiderantur,
1401 2090 1501 2132 dum
1521 2089 1571 2133 in
1590 2089 1754 2144 reliqiaeo
1785 2089 1894 2133 libro
1980 2110 1982 2115 >

387 2148 489 2191 illae
521 2148 822 2192 desiderantur
852 2153 891 2192 et
920 2148 967 2191 hi
998 2150 1166 2203 adsunt,
1919 2166 1957 2194 so
1987 2155 1993 2204 J

523 2223 570 2261 p.
599 2212 855 2251 115-119,
889 2209 936 2251 V.
964 2209 1152 2252 Athalae
1185 2206 1277 2263 (II,
1306 2208 1450 2263 1—6)
1481 2223 1574 2252 cum
1596 2208 1748 2263 priore
1772 2209 1894 2252 later-
1984 2216 1986 2220 ’

389 2267 473 2309 culi
497 2272 648 2321 parte:
680 2268 899 2324 Capitula
930 2269 1039 2311 libri
1070 2270 1262 2312 secundi
1287 2292 1343 2298 —-
1370 2269 1642 2325 Expliciunt
1673 2269 1892 2326 capitula.

390 2327 565 2382 Incipit
596 2328 714 2370 liber
745 2330 973 2371 secundus
1006 2352 1065 2357 —
1095 2351 1155 2356 —
1185 2329 1389 2385 Explicit
1419 2329 1539 2372 liber
1569 2329 1810 2380 secundus,

524 2400 571 2439 p.
599 2390 853 2429 119—134.
876 2387 1090 2441 posterior
1114 2387 1291 2430 alterius
1316 2387 1419 2431 libri
1434 2402 1547 2442 pars
1573 2385 1665 2442 (II,
1689 2390 1891 2443 11—25)

390 2458 483 2487 cum
505 2445 744 2498 posteriore
774 2446 970 2489 laterculi
992 2451 1132 2500 parte,
1165 2446 1323 2490 scilicet
1346 2447 1560 2490 miracula
1581 2446 1895 2490 Evoriacensia
1918 2464 1956 2492 οι

389 2518 483 2547 cum
525 2504 572 2547 V.
605 2504 794 2557 Bertulfi
833 2505 1134 2560 miraculisque
1173 2506 1483 2549 Bobiensibus:
1527 2507 1623 2563 Cap
1626 2507 1745 2550 itula
1785 2507 1894 2550 libri

387 2564 522 2606 tercii
553 2587 610 2592 —
643 2565 912 2620 Expliciunt
953 2566 1159 2621 capitula
1197 2563 1444 2617 (numerata
1479 2565 1542 2609 ibi
1576 2567 1756 2622 1-19).
1818 2566 1893 2608 In—

390 2623 505 2688 cipit
536 2623 654 2666 liber
684 2625 868 2676 tercius,
912 2624 986 2678 qui
1016 2638 1104 2667 non
1135 2624 1338 2668 distincta
1369 2625 1416 2668 V
1450 2625 1641 2679 Bertulfi
1672 2626 1732 2668 ad
1760 2640 1793 2669 c.
1825 2630 1891 2680 19,

387 2681 418 2724 i.
450 2697 484 2725 e.
519 2687 588 2726 25.
632 2687 803 2726 nostrae
843 2683 1055 2738 editionis,
1100 2684 1385 2739 continuatur,
1428 2684 1648 2728 desinens:
1689 2685 1893 2742 Explicit
1990 2734 1993 2735 ⁷

389 2742 507 2785 liber
538 2743 709 2786 tercius
742 2744 865 2786 vitae
897 2745 1046 2786 sancti
1079 2744 1356 2787 Columbani
1388 2746 1583 2788 abbatis.
1653 2744 1790 2799 Caput
1820 2748 1890 2787 22.
1915 2762 1955 2790 ιο
1984 2766 1986 2771 ·

389 2801 493 2844 libri
524 2802 596 2844 II.
629 2803 769 2845 eodem
801 2803 887 2846 loco
918 2803 1012 2846 hiat
1042 2807 1165 2857 atque
1196 2803 1245 2846 in
1275 2804 1319 2846 A
1337 2807 1407 2847 2a.
1440 2820 1498 2847 a.
1979 2809 1982 2825 ·'

533 2862 649 2905 Erat
693 2861 794 2905 olim
839 2862 1165 2917 Antverpiensis
1211 2864 1359 2907 domus
1395 2863 1620 2919 professae
1664 2863 1757 2908 Soc.
1789 2863 1892 2907 Iesu

387 2919 499 3032 idem
531 2934 610 2975 quo
641 2921 941 2965 Henscltenius
972 2923 1031 2965 ad
1060 2923 1108 2965 V.
1142 2923 1329 2966 Athalae
1360 2924 1565 2967 edendam
1595 2937 1698 2966 usus
1729 2923 1790 2966 est
1795 2937 1813 2978 ,·
1851 2936 1891 2966 v.

386 2979 435 3021 in
459 2993 513 3023 ra
542 2995 589 3034 p.
616 2985 713 3025 142.
