2008 3302
388 266 437 301 98
676 261 842 306 IONAS,
860 260 1022 296 VITAE
1047 259 1354 296 COLUMBANI
1378 259 1524 296 LIBRI
1547 260 1602 298 Π.

390 386 529 441 primi
583 384 875 427 Trevirorum
937 382 1271 438 archiepiscopi
1336 378 1556 436 (superscr.
1615 382 1890 427 Ludowieus

391 445 547 495 abbas,
593 442 751 485 scilicet
792 442 836 484 S.
870 441 1071 484 Mathiae
1111 455 1146 484 c.
1187 455 1228 483 a.
1265 445 1378 483 1169
1394 445 1566 484 -1182
1582 440 1625 495 1).
1697 441 1748 484 Si
1787 443 1890 497 quis

391 518 497 547 eum
530 502 788 553 abstuleris,
821 502 1070 543 anathema
1102 501 1174 551 sit,
1211 500 1324 542 inter
1354 499 1466 543 vitas
1496 505 1752 556 sanctorum,
1784 514 1892 555 quae
1970 502 1975 547 .’

389 563 464 615 fol.
500 566 597 604 109.
638 575 694 603 m.
727 575 760 603 s.
797 560 916 603 XII.
958 559 1022 602 ita
1062 564 1333 603 enumeratae
1378 564 1502 602 sunt:
1542 561 1601 602 In
1641 561 1732 604 isto
1772 560 1891 603 libro

393 622 692 665 continentur
713 621 836 663 vitae
859 622 1123 662 sanctorum
1147 619 1424 662 Columbani
1446 619 1642 671 abbatis,
1667 619 1892 663 Iohannis
1916 635 1935 662 5
1979 630 1984 651 ³

391 681 696 724 Alexandrini
732 680 1079 735 archiepiscopi,
1112 679 1321 722 Remacli
1353 679 1569 735 episcopi,
1603 678 1892 723 Adalheidae

393 743 631 796 augustae,
664 754 770 795 pars
803 740 1029 794 quaedam
1063 740 1119 781 de
1139 739 1236 781 vita
1258 739 1408 781 sancti
1430 739 1591 794 Magni
1613 737 1893 795 Campaniae
1995 753 2008 795 ε

392 801 520 843 urbis
552 800 767 850 doctoris,
808 799 906 840 vita
937 798 1160 849 Helenae,
1203 798 1259 841 de
1301 799 1505 841 advenizu
1537 798 1687 842 sancti
1717 797 1895 855 Agricii

393 859 725 916 patriarchae&
751 857 943 912 primam
974 856 1139 900 exhibet
1171 856 1433 911 Columbani,
1466 857 1540 910 fol.
1563 861 1723 911 3—21,
1754 856 1895 900 eodem
1981 858 1987 873 ‘

392 920 513 961 inodo
543 917 796 971 inscriptam
820 916 1171 970 incipientemque
1196 921 1319 970 atque
1344 916 1388 958 A
1405 915 1465 958 3**
1465 917 1586 970 ,sed
1613 930 1722 971 quae
1751 916 1898 959 deerat
1921 930 1985 959 ιο

393 979 530 1020 Ionae
570 976 750 1031 epistula
788 991 843 1018 ΖΖΖ.
875 990 909 1018 s.
945 975 1051 1018 XV.
1084 976 1161 1028 fol.
1191 974 1232 1016 2.
1267 974 1321 1018 2’.
1352 975 1452 1018 item
1483 990 1504 1018 e
1535 975 1674 1019 codice
1712 976 1896 1030 quodam

393 1037 437 1080 A
456 1041 481 1078 3
513 1036 706 1091 suppleta
737 1039 809 1089 est,
852 1034 922 1078 cui
961 1035 1090 1078 verba
1121 1049 1225 1078 cum
1257 1036 1386 1078 facta
1417 1059 1474 1064 —
1507 1048 1615 1090 ergo
1646 1037 1800 1078 vesizro
1831 1035 1896 1078 de-

394 1100 542 1139 essent.
595 1094 965 1149 Praescriptiones
990 1093 1179 1149 capitum
1203 1093 1516 1137 desiderantur.
1569 1093 1746 1138 Excisis
1774 1092 1896 1147 foliis

394 1159 592 1209 quattuor
613 1158 713 1208 post
741 1153 817 1207 fol.
839 1157 911 1196 20.
944 1157 1080 1196 textus
1104 1153 1208 1206 hiat,
1241 1153 1464 1196 desinens:
1494 1168 1632 1210 super
1655 1153 1849 1196 fluviolu

394 1215 647 1258 Resbacem
666 1229 721 1257 ex
737 1209 903 1269 supl(c.
924 1211 1008 1267 26),
1031 1212 1281 1266 rediensque
1296 1209 1490 1269 'stitubis
1507 1210 1958 1268 educareiz(c.30.15

540 1273 582 1315 A
600 1270 661 1314 3*
664 1270 718 1327 **)
752 1272 891 1316 Codex
921 1271 1252 1315 Trevericus
1283 1271 1552 1315 bibliothecae
1581 1272 1776 1315 urbanae
1802 1270 1896 1316 Gat.

394 1347 493 1376 mss.
521 1336 646 1386 1349,
683 1332 814 1375 Num.
838 1332 912 1374 loc.
937 1335 990 1374 91
1020 1330 1170 1385 (antea
1194 1345 1237 1374 n.
1264 1331 1509 1386 XXXII),
1533 1345 1640 1375 saec.
1666 1330 1716 1374 X
1724 1330 1838 1374 VI.
1819 1344 1896 1385 in„

397 1392 497 1435 olim
527 1391 776 1434 monasterii
808 1391 852 1434 S.
886 1390 1098 1435 Mauritii
1133 1390 1435 1445 Tholeyiensis,
1468 1390 1620 1434 deinde
1656 1390 1705 1434 0.
1737 1391 1789 1435 de
1826 1388 1898 1434 C'o-
1992 1389 2008 1456 ζ

396 1452 560 1495 hausen
597 1450 904 1503 Confluentini,
943 1450 1017 1504 qui
1047 1464 1140 1492 eum
1171 1465 1211 1492 a.
1239 1454 1366 1492 1819.
1399 1450 1669 1494 bibliothecae
1702 1449 1900 1504 publicae
1983 1459 2008 1493 st:

398 1525 526 1565 quam
552 1509 645 1553 dixi
671 1512 779 1553 dono
800 1509 925 1563 dedit,
952 1509 1030 1562 fol.
1053 1509 1304 1552 96‘—110‘.
1338 1510 1386 1552 V.
1410 1509 1661 1553 Columbani
1683 1509 1839 1553 librum
1856 1509 1897 1552 Ι.
1923 1507 1993 1562 8οέ

399 1571 553 1623 absque
591 1568 772 1623 epistula
812 1568 1004 1622 continet,
1047 1568 1256 1623 capitibus
1296 1582 1383 1611 non
1421 1568 1635 1612 distinctis
1667 1566 1874 1625 (praescr.
1886 1582 1901 1611 .·
1981 1562 1992 1616 ξ

398 1630 574 1686 Incipit
617 1629 835 1685 prologus
883 1629 933 1670 in
982 1629 1126 1671 vitam
1173 1629 1323 1672 sancti
1364 1629 1642 1672 Oolumbani
1686 1626 1898 1683 abbatis).
1969 1639 1991 1671 ἡ]

399 1689 552 1731 Altera
584 1703 616 1731 c.
651 1693 689 1730 2.
727 1701 839 1743 pars
878 1687 980 1730 inde
1019 1703 1048 1730 a
1087 1687 1226 1730 verbis
1265 1691 1319 1730 ut
1359 1689 1473 1731 fides
1514 1703 1650 1754 quani
1682 1700 1814 1742 usque
1842 1687 1903 1730 ad
1986 1702 1989 1739 f

401 1765 459 1790 m.
493 1749 783 1791 sacerdotum
816 1748 1007 1790 ecclesie
1049 1746 1113 1790 bis
1151 1747 1314 1803 scripta
1353 1752 1424 1802 est,
1465 1748 1541 1790 sed
1570 1747 1729 1802 priora
1767 1747 1903 1790 deleta
1986 1742 1987 1746 ’

400 1812 512 1850 sunt.
572 1806 676 1850 Cum
708 1806 814 1849 libro
838 1807 1115 1860 praecedente
1145 1811 1184 1849 et
1210 1806 1328 1849 lectio
1361 1821 1393 1850 c.
1421 1812 1458 1849 1.
1491 1809 1656 1850 buanize
1679 1819 1765 1861 pro
1795 1807 1902 1850 fiuc-
1926 1823 1962 1850 2⁶
1980 1832 1993 1878 ‚¹

399 1870 565 1910 suante
597 1866 789 1909 convenit
817 1870 857 1908 et
884 1867 990 1918 finis
1021 1880 1054 1909 c.
1082 1870 1149 1909 17.
1182 1880 1257 1908 suo
1288 1866 1374 1909 loco
1405 1866 1646 1941 collocatus,
1671 1865 1747 1909 ubi
1775 1866 1902 1922 spiri-

401 1927 528 1969 olum
558 1940 687 1981 super
718 1926 940 1981 squirium
971 1925 1302 1980 superscriptum
1332 1930 1394 1968 est
1429 1925 1480 1968 in
1510 1927 1559 1967 A
1569 1925 1646 1968 3***
1646 1959 1658 1979 ,
1698 1924 1751 1969 in
1789 1929 1904 1968 textu
1987 1934 2008 1950 ³

401 2000 498 2028 vero
529 1985 683 2040 leqitur
713 1985 816 2027 libri
847 1986 891 2027 A
909 1984 968 2026 3**
1008 2018 1015 2026 .
1984 1953 2008 2035 i

545 2053 732 2112 As‘**”)
759 2055 898 2099 Codeoe
913 2056 1225 2099 Montensis
1246 2056 1516 2100 bibliothecae
1535 2055 1728 2100 urbanae
1742 2069 1812 2099 nr.
1830 2059 1901 2099 26.
1984 2069 2008 2103 Ζ,

404 2121 504 2159 210.
538 2119 666 2170 8402,
709 2119 804 2158 tom.
838 2116 908 2169 ΙΙ,
951 2129 1059 2158 saec.
1095 2115 1243 2169 XIII,
1293 2115 1393 2158 item
1429 2115 1667 2159 ΤνευθΖΖεΖ8
1705 2115 1902 2158 adnwme-
1927 2131 1962 2158 ω
2004 2136 2008 2160 ι

402 2177 580 2229 randus,
614 2174 766 2229 quippe
796 2175 869 2228 qui
901 2189 952 2218 ex
981 2175 1238 2218 monasterio
1269 2175 1486 2230 virqinum
1519 2174 1580 2218 ‘in
1601 2174 1747 2227 Eiflia
1770 2188 1904 2229 prope
2002 2214 2008 2224 ,

403 2235 609 2289 Kilburq'
651 2234 730 2277 sito
771 2233 917 2288 (hodie
956 2234 1295 2289 Mu’nstereifel),
1337 2235 1567 2278 dioeceseos
1607 2234 1765 2278 scilicet
1806 2234 1903 2277 Tre·
2000 2245 2008 2296 g

401 2294 578 2348 vericae,
620 2293 670 2336 in
710 2298 956 2337 conventum
995 2294 1264 2337 Montensem
1311 2293 1568 2337 Carnielitar
1567 2308 1640 2336 um
1679 2293 1904 2337 discalcea·

403 2358 541 2396 torum
581 2353 815 2407 transierit,
857 2353 932 2406 fol.
959 2353 1237 2407 190—205‘,
1281 2355 1329 2396 V.
1369 2352 1621 2397 Golumbani
1658 2351 1763 2407 (inc.
1796 2353 1837 2407 I,
1864 2356 1902 2395 1.

403 2414 693 2455 Rubilantem
735 2416 874 2468 atque
907 2413 1072 2456 eximio
1087 2412 1119 2467 3)
1162 2413 1336 2466 exhibet,
1379 2413 1448 2456 cui
1488 2427 1521 2456 c.
1555 2417 1624 2455 23.
1657 2416 1697 2455 et
1727 2416 1798 2454 26.
1831 2415 1902 2454 27.
1928 2428 1962 2455 ³5

405 2473 465 2515 ad
501 2473 654 2514 verba:
694 2472 913 2514 eeclesiae
954 2473 1130 2515 sinibus
1169 2473 1423 2515 reducebat
1457 2473 1618 2525 desunt,
1651 2484 1824 2526 cumque
1853 2471 1904 2514 de

403 2531 499 2587 ipso
520 2531 659 2573 relata
679 2530 768 2573 sint
777 2531 806 2584 4,
824 2531 1013 2584 proloyo,
1036 2531 1195 2574 scilicet
1215 2531 1345 2585 capiti
1369 2536 1405 2584 1,
1432 2530 1596 2574 inserta
1617 2545 1703 2574 esse
1723 2545 1775 2574 ea
1797 2543 1904 2584 quae

405 2590 605 2645 epistulae
637 2589 685 2632 in
716 2589 841 2632 editis
872 2589 1077 2632 attributa
1107 2594 1216 2644 sunt,
1258 2604 1355 2633 mox
1385 2590 1624 2645 suspicatus
1653 2604 1747 2632 sum
1777 2590 1905 2632 verba

405 2651 549 2693 eadem
595 2649 858 2702 transposita
903 2663 990 2691 esse
1035 2663 1143 2703 quae
1191 2649 1241 2691 in
1282 2649 1642 2703 praecedentibus.
1720 2647 1904 2692 Interim

405 2710 643 2752 Eduardus
663 2709 859 2751 Poncelet
878 2707 1151 2751 archivarius
1170 2709 1426 2763 Montensis,
1449 2709 1605 2764 colleya
1625 2707 1902 2762 doctissimus,
1926 2724 1963 2750 ιο
1990 2751 1992 2753 .

408 2827 443 2870 1)
474 2825 531 2867 Cf.
557 2825 621 2861 SS.
644 2825 751 2868 VIII,
777 2825 860 2861 226.
946 2825 984 2868 2)
1014 2825 1170 2859 Codwem
1193 2826 1378 2869 descripsit
1402 2825 1618 2872 Sauerland,
1647 2825 1812 2859 ‘Trierer
1835 2823 1904 2858 Go-
1976 2842 1998 2852 e

405 2873 481 2906 scm
476 2873 693 2917 cuisqueuen
709 2851 770 2907 dis
787 2874 842 2911 11.
859 2872 1022 2915 Jahrh.’,
1055 2872 1216 2907 Treveris
1235 2875 1339 2916 1889,
1351 2885 1390 2917 p.
1409 2874 1476 2910 58:
1493 2873 1604 2907 Uber
1608 2851 1676 2907 d’ie
1691 2870 1905 2916 Doppezvaa
1975 2861 2001 2969 J}

407 2921 443 2954 S.
466 2920 623 2955 Helenae
647 2921 723 2954 und
747 2920 783 2956 S.
807 2920 977 2964 Aqrt'cii’.
1066 2921 1102 2965 3)
1127 2920 1184 2963 Cf.
1211 2921 1347 2957 ‘Arch’
1366 2920 1473 2964 VIII,
1497 2931 1534 2964 p.
1551 2921 1635 2956 473.
1731 2917 1894 2964 ΘΜ

407 2968 499 3004 ΒοΖΖ.
526 2968 594 3011 ΙΧ,
617 2979 656 3011 p.
675 2969 755 3004 269.
