2008 3302
575 807 793 873 VITA
832 808 1239 874 VEDASTI
1250 809 1292 874 S

335 916 769 983 EPISCOPI
817 917 1198 982 ATREBA
1210 920 1537 985 TENSIS.

304 1071 320 1088 '⁴
336 1072 445 1126 Vita
471 1082 667 1127 Vedastis
681 1083 696 1109 ¹
718 1082 932 1136 vetustior,
955 1083 1070 1126 inter
1082 1084 1398 1138 pretiosissima
1419 1090 1690 1130 monumenta

176 1142 517 1199 hayioyraphica
547 1143 671 1198 vulyo
702 1147 964 1196 enumerata,
1008 1157 1141 1197 neque
1177 1159 1205 1187 a
1237 1144 1385 1187 clerico
1415 1145 1690 1188 Atrebatensi

132 1221 152 1248 a
175 1217 311 1258 neque
333 1217 442 1247 saec.
475 1203 553 1246 VI.
579 1202 810 1257 composita
841 1216 928 1245 esse
952 1207 1101 1257 potest,
1135 1218 1237 1246 nam
1269 1208 1416 1247 auctor
1436 1205 1690 1248 Atrebatum

175 1264 322 1307 urbem
362 1263 426 1306 vel
466 1262 666 1317 oppidum
708 1261 911 1305 ‘eandem'
945 1262 1000 1316 (c.
1037 1262 1085 1317 8)
1118 1264 1183 1306 vel
1216 1263 1348 1306 ‘illud'
1383 1262 1433 1318 (c.
1470 1264 1514 1319 9)
1557 1279 1689 1319 neque

179 1322 316 1367 ‘hanc'
356 1323 420 1366 vel
461 1322 562 1366 ‘hoc'
607 1323 831 1377 appellans
875 1322 1085 1377 inoliyena
1130 1323 1306 1366 minime
1352 1323 1570 1367 habendus
1616 1329 1687 1379 est,

177 1397 351 1438 cumque
383 1383 519 1426 Ionae
551 1382 773 1437 peculiare
804 1382 1051 1425 elocutionis
1089 1397 1223 1437 yenus
1253 1383 1318 1425 ita
1347 1385 1590 1427 subsecutus
1619 1384 1687 1438 sit,

175 1447 226 1487 ut
253 1444 371 1498 apud
398 1447 622 1497 utrumque
653 1442 764 1485 idem
795 1442 1052 1485 miraculum
1078 1443 1244 1498 legatur
1263 1443 1414 1486 iisdem
1438 1443 1530 1496 fere
1549 1443 1690 1487 verbis

20 1485 43 1540 ᾗ*
117 1519 152 1547 ιο
177 1506 441 1557 enarratum,
474 1517 583 1546 saec.
617 1502 727 1545 VII.
762 1506 839 1545 aut
859 1507 1011 1557 postea
1043 1503 1228 1557 deyebat.
1290 1503 1408 1546 Erat
1436 1503 1572 1557 iyitur
1601 1503 1690 1546 nisi

177 1562 268 1617 ipse
295 1561 549 1606 Columbani
581 1562 853 1617 bioyraphus,
888 1566 996 1605 certe
1027 1562 1218 1605 imitator
1249 1562 1354 1605 eius.
1414 1562 1518 1606 Cum·
1550 1567 1689 1606 autem

178 1626 345 1676 constet,
379 1622 536 1665 Ionam
557 1622 761 1665 Amando
793 1622 983 1676 episcopo
1008 1623 1068 1665 ad
1096 1623 1225 1675 fidem
1257 1621 1540 1666 christianam
1562 1637 1688 1677 prae-

177 1681 411 1726 dicandam
442 1681 693 1725 adiunctum
723 1696 811 1725 non
841 1683 976 1725 solum
1010 1682 1200 1725 Scaldim
1231 1682 1425 1736 fluvium,
1458 1684 1533 1725 sed
1561 1683 1688 1726 etiam

32 1778 34 1783 ,
181 1741 413 1786 Scarbeam
444 1741 585 1784 rivum
615 1741 843 1796 navigasse
882 1756 928 1784 eo
966 1746 1159 1796 tempore,
1202 1756 1282 1796 quo
1321 1742 1371 1785 in
1409 1742 1660 1785 Columbani
1674 1744 1689 1768 ²

50 1810 54 1811 ⁷
118 1820 154 1847 15
188 1801 289 1846 Vita
320 1801 596 1845 describenda
618 1806 842 1856 occupatus
863 1806 967 1856 erat,
991 1801 1020 1845 i.
1045 1817 1077 1844 e.
1102 1801 1219 1845 circa
1241 1817 1282 1845 a.
1306 1806 1405 1856 642,
1437 1802 1687 1845 Atrebatum

39 1862 43 1870 ’
177 1861 324 1905 urbem
355 1863 415 1905 ad
444 1863 622 1905 eundem
661 1861 803 1904 rivum
841 1861 970 1905 sitam
1001 1861 1175 1916 naviyio
1207 1866 1306 1904 tunc
1336 1861 1467 1914 facile
1498 1861 1687 1916 attiyisse

169 1925 352 1976 poterat.
422 1922 564 1976 Quare
602 1921 712 1964 mihi
752 1921 921 1976 quidem
953 1936 1208 1975 persuasum
1251 1925 1321 1975 est,
1363 1921 1686 1964 similitudinem

177 1995 284 2036 eam,
317 1995 426 2036 quae
456 1981 572 2024 inter
601 1986 826 2036 utramque
857 1981 999 2024 Vitam
1024 1981 1258 2034 intercedit,
1290 1981 1392 2023 inde
1417 1985 1553 2023 ortam
1585 1995 1684 2034 esse,

177 2042 290 2096 quod
317 2045 497 2096 utraque
537 2042 677 2084 eodem
716 2042 808 2095 fere
839 2045 1020 2096 tempore
1061 2042 1114 2084 ab
1150 2055 1235 2083 uno
1266 2042 1486 2095 eodemque
1516 2045 1686 2083 auctore

117 2120 153 2146 20
179 2100 350 2144 condita
371 2105 442 2155 est,
466 2106 812 2156 arqumentaqm,
837 2115 946 2155 quae
967 2105 1065 2144 ante
1085 2101 1161 2143 hos
1182 2114 1321 2143 annos
1332 2114 1644 2156 proposueram
1655 2101 1682 2154 3,

177 2161 242 2204 vel
271 2161 517 2204 adversarii
547 2161 631 2204 mei
662 2162 1005 2216 approbaverunt
1016 2161 1044 2203 4.
1108 2160 1387 2215 Bioyraphus
1426 2161 1479 2203 ab
1521 2159 1684 2214 expedi-

179 2295 214 2342 1)
240 2296 300 2331 Ita
325 2306 450 2331 nomen
478 2298 681 2340 antiquitus
705 2296 927 2330 scribebatur
947 2294 1134 2340 (vedastis
1156 2295 1208 2329 vel
1223 2293 1386 2329 Vidastis
1405 2294 1524 2337 Grec„
1549 2294 1597 2330 H.
1615 2295 1682 2330 Fr.

182 2344 268 2387 VII,
285 2346 337 2388 3),
361 2348 482 2388 postea
506 2355 588 2379 vero
604 2343 800 2388 Vedastus‚
829 2348 932 2388 atque
957 2345 997 2377 in
1022 2343 1198 2378 codicibus
1221 2343 1320 2376 Vitae
1344 2343 1589 2376 vetustissimis
1614 2346 1684 2376 ter-

42 2404 46 2410 *
177 2393 249 2426 tiae
280 2392 528 2427 declinationis
561 2393 702 2435 formae
736 2393 787 2435 (A
810 2394 855 2428 la
888 2403 981 2427 nom.
1008 2395 1038 2424 et
1060 2402 1138 2434 qen.
1158 2389 1340 2434 Vedastis‚
1371 2400 1442 2425 acc.
1461 2389 1682 2434 vedastem;

32 2445 46 2480 ’ἒξ
112 2449 150 2476 2⁶
176 2440 211 2474 B
229 2441 261 2476 1.
288 2451 358 2476 acc.
376 2439 643 2485 V(a)edastem‚
679 2441 748 2475 abl.
777 2439 954 2484 Vedaste)
987 2440 1145 2473 nondum
1180 2448 1297 2472 omnes
1330 2439 1494 2472 inruente
1526 2439 1682 2472 secunda

176 2487 330 2523 abolitae
344 2492 440 2524 sunt.
478 2488 613 2523 Nomen
634 2488 887 2522 Germanicum
899 2487 1114 2531 productius
1133 2485 1443 2530 pronuntiabatur
1456 2485 1683 2530 Widugastis

175 2536 248 2578 (ita
265 2535 409 2579 Prozoy.
427 2536 457 2572 Ι.
484 2536 592 2580 Leyis
617 2535 768 2579 Sal-icae,
795 2536 845 2571 ed.
866 2535 1015 2578 Geffken
1036 2546 1073 2578 p.
1093 2536 1167 2577 95),
1193 2537 1351 2567 monente
1375 2533 1529 2575 Alfredo
1545 2533 1683 2567 Holder

174 2585 254 2617 viro
270 2583 482 2618 doctissimo.
556 2583 592 2629 2)
618 2584 676 2626 Cf.
699 2584 890 2627 epistulam
908 2583 950 2617 V.
965 2582 1178 2616 Columbani
1196 2582 1445 2625 praemissam.
1524 2580 1560 2626 3)
1581 2580 1682 2613 ‘Mit-

175 2631 380 2675 theilunqen
404 2632 465 2666 des
481 2632 647 2665 Instituts
664 2632 734 2674 fu‘r
751 2631 1036 2665 osterreichische
1056 2629 1466 2672 Geschichtsforschuny'
1479 2632 1559 2663 tom.
1574 2628 1682 2671 XIV,

115 2689 151 2715 80
169 2690 209 2723 p.
223 2680 432 2716 427—448.
506 2681 543 2723 4)
558 2679 601 2715 L.
620 2679 816 2722 Duchesne,
837 2679 1008 2713 ‘Bulletin
1025 2677 1186 2721 critique'
1200 2678 1303 2720 1893,
1317 2687 1357 2720 p.
1370 2677 1441 2712 456
1449 2687 1465 2717 ‚·
1484 2676 1526 2711 G.
1540 2676 1679 2719 Kurth,

175 2727 331 2770 ‘Clovis'‚
366 2727 525 2761 Parisiis
558 2729 662 2771 1901,
695 2727 749 2769 II,
782 2739 819 2771 p.
846 2728 928 2762 268.
954 2728 1025 2762 280
1038 2725 1064 2766 2',·
1097 2727 1178 2758 item
1203 2725 1397 2758 Demaison
1430 2724 1476 2759 ib.
1507 2735 1547 2767 p.
1573 2725 1644 2759 290
1656 2723 1682 2767 ²,-

174 2774 216 2810 F.
245 2774 406 2818 Jubaru‚
434 2775 563 2809 ‘Clovis
597 2775 736 2808 a-t-il
767 2773 820 2808 e'te‘
846 2774 984 2818 baptise'
1015 2773 1038 2806 ἀ
1062 2772 1229 2806 Βείτηεὲ’
1253 2775 1286 2806 et
1309 2771 1358 2806 H.
1387 2771 1525 2814 Οὴένοί,
1552 2771 1682 2805 ‘Clavi-3

174 2822 319 2866 d’apres
352 2833 416 2857 son
449 2823 575 2857 nauvel
604 2822 790 2856 historien’
825 2822 915 2864 (scil.
954 2822 997 2857 G.
1034 2820 1177 2859 Kurth)
1211 2821 1251 2853 in
1286 2820 1432 2853 ‘Etudes
1464 2819 1678 2862 reliyieuses,

169 2870 474 2915 philosophique-8,
501 2871 717 2913 historiques
741 2873 773 2903 et
796 2869 993 2903 litterati-es
1012 2868 1112 2913 publ.
1132 2878 1209 2911 par
1232 2868 1292 2900 des
1315 2867 1424 2900 Peres
1448 2867 1490 2900 de
1516 2867 1553 2900 la
1578 2866 1681 2901 Gom·-

115 2927 150 2954 35
170 2920 306 2962 paym'e
329 2919 370 2953 de
393 2918 529 2962 Jesus’,
555 2918 716 2952 Parisiis
742 2919 847 2959 1896,
872 2920 953 2954 tom,
980 2916 1144 2958 LXVII,
1166 2926 1204 2958 p.
1224 2916 1305 2951 295.
1332 2919 1362 2949 et
1384 2927 1421 2959 p.
1439 2916 1521 2950 365.

1715 1078 1931 1106 *ssauerom

1726 1115 1791 1148 ιιι,
1800 1122 1835 1147 p.
1847 1114 1911 1142 ⁸9⁹.
