2008 3302
392 244 463 280 120
676 241 843 287 IONAS,
861 241 1023 277 VITAE
1048 240 1353 277 COLUMBANI
1378 240 1522 276 LIBRI
1545 241 1597 278 H.

390 367 431 405 et
453 362 850 417 praescriptionum,
879 362 978 405 item
1003 362 1108 415 finis
1133 377 1165 406 c.
1194 367 1258 416 17,
1285 376 1404 416 quem
1429 362 1644 415 deficiente
1668 363 1776 406 libro
1800 364 1882 408 A4

387 423 504 465 *solus
534 423 578 467 A
594 427 651 464 4a
682 422 876 476 servavit,
910 422 1059 465 classis
1086 422 1130 465 A
1147 426 1172 463 2
1204 421 1382 476 vestiyia
1403 435 1514 476 prae
1545 437 1587 465 se
1611 423 1709 475 fert.
1776 423 1882 468 Cum

389 486 539 524 auctor
565 481 734 535 yeneris
763 482 808 525 A
829 486 888 524 lc.
909 483 939 524 d
977 483 1115 524 eodem
1155 482 1271 534 fonte
1309 495 1412 524 usus
1449 481 1516 534 sit,
1554 483 1720 526 eaedem
1749 483 1882 527 lectio-

389 555 465 583 nes
498 541 543 582 A
562 545 601 582 2.
627 545 683 584 2a
713 555 820 595 quae
855 541 905 584 in
944 541 1074 584 libros
1110 542 1153 584 A
1171 546 1211 584 4.
1238 545 1296 584 4a
1336 545 1375 583 et
1405 540 1455 583 in
1494 541 1568 583 hos
1603 541 1880 597 transierunt,

391 604 514 653 atque
534 613 640 654 quae
661 600 1011 644 consentientibus
1031 601 1154 644 libris
1174 602 1217 643 A
1240 606 1297 644 lc.
1321 602 1360 643 d.
1386 604 1425 643 2.
1451 604 1507 643 2a
1530 600 1678 644 habita
1697 605 1759 645 est
1776 602 1884 655 fides
1906 616 1924 643 ⁶

381 673 526 713 parva
546 664 623 703 aut
641 660 774 714 nulla,
801 662 945 703 eadem
968 660 1057 703 illis
1078 660 1366 704 accedentibus
1391 659 1466 708 toti
1487 659 1645 703 cohorti
1669 661 1882 705 convenit:

449 719 490 772 I,
517 723 584 762 17.
618 735 698 776 per
745 722 886 763 densa
926 717 1086 776 saltus]
1130 734 1324 776 pergens
1368 735 1394 762 a
1432 720 1555 762 saltu
1591 720 1693 763 A2.
1727 724 1766 763 4.
1800 724 1884 776 4a,·

675 794 869 836 pergens
891 781 950 822 ad
971 780 1117 823 salbus
1136 780 1179 822 A
1195 784 1276 833 2a,·
1299 794 1492 836 pergens
1514 780 1573 822 ad
1594 780 1764 823 saltum
1785 777 1883 836 (sal-

674 843 807 882 tuum
829 839 872 881 A
887 835 955 895 ld)
971 839 1015 881 A
1030 845 1087 882 lc.
1107 841 1157 892 d,·
1179 839 1232 892 cf.
1257 840 1297 893 Ι,
1317 843 1392 881 30:
1415 840 1538 883 inter
1559 840 1700 883 densa
1722 840 1880 884 salbus.

400 899 549 942 Verbis
587 898 720 954 iqitur
759 899 868 941 male
907 903 983 941 aut
1022 898 1248 942 contractis
1287 903 1363 941 aut
1397 898 1608 952 separatis
1643 903 1779 942 textus
1809 899 1884 943 hoe
1909 915 1943 942 ιο

398 959 485 1002 loco
515 958 666 1002 misere
705 959 959 1012 depravatus
998 962 1070 1000 est.
1132 958 1363 1001 Praeterea
1412 957 1513 1000 libri
1551 958 1595 1000 A
1612 962 1653 1001 4.
1686 961 1744 1002 4a
1782 973 1884 1002 suas

390 1018 631 1073 peculiares
651 1018 846 1060 exhibent
869 1017 1226 1072 interpolationes,
1254 1018 1363 1060 locos
1385 1017 1632 1071 Scripturae
1653 1020 1802 1061 sacrae
1827 1019 1886 1062 ad

400 1078 625 1132 Vulyatam
650 1077 904 1131 corriqentes
930 1076 992 1131 (I,
1017 1081 1056 1119 4.
1081 1078 1128 1132 5)
1162 1081 1237 1119 aut
1263 1081 1416 1119 textum
1439 1091 1522 1131 per
1551 1091 1595 1120 se
1624 1077 1884 1132 supplentes:

449 1138 489 1191 I,
515 1141 553 1178 6.
586 1133 703 1193 loca]
739 1137 925 1180 horrida
956 1138 1232 1193 repperisset
1264 1137 1362 1179 add.
1395 1136 1497 1179 A4.
1527 1141 1597 1179 4a.

531 1196 935 1239 Praestantissimus
972 1196 1149 1239 alterius
1187 1195 1337 1239 classis
1377 1197 1505 1239 codex
1533 1195 1579 1238 B
1604 1201 1669 1250 la,
1710 1210 1884 1250 quocum
1908 1213 1943 1239 ιο

388 1256 479 1308 fere
519 1255 712 1299 conveni-t
740 1255 785 1298 B
809 1256 870 1308 lb,
918 1256 970 1298 ab
1017 1257 1156 1298 eodem
1193 1260 1320 1309 patre
1365 1253 1420 1312 (ὃ)
1458 1260 1710 1310 proquam-s,
1755 1269 1884 1310 quam

389 1315 707 1358 accuratissime
738 1316 951 1369 exemplar
980 1315 1089 1358 illud
1117 1319 1389 1358 retractatum
1417 1311 1471 1371 (γ)
1502 1316 1676 1359 reddere
1705 1315 1881 1370 videtur,

390 1376 440 1418 de
470 1389 550 1429 quo
582 1390 714 1429 supra
743 1375 836 1429 e9i;
875 1374 1118 1428 peculiaria
1158 1379 1296 1418 autem
1334 1374 1454 1418 illius
1483 1375 1638 1418 menda
1669 1389 1742 1429 ope
1781 1374 1884 1418 libri

389 1434 433 1477 B
450 1439 475 1476 2
517 1434 606 1477 tolli
638 1439 847 1488 poterant,
880 1435 954 1488 qui
993 1434 1078 1477 alio
1108 1438 1320 1477 stemmate
1359 1435 1418 1476 ad
1455 1435 1631 1478 eundem
1667 1449 1792 1478 avum
1821 1448 1883 1478 re-

386 1494 591 1547 ferendus
621 1498 691 1548 est,
732 1495 859 1547 sidem
890 1508 985 1536 vero
1017 1508 1105 1536 non
1135 1495 1310 1537 eandem
1339 1498 1532 1548 meretur,
1569 1495 1789 1539 verborum
1818 1494 1883 1537 in·
1906 1511 1942 1537 so

381 1553 541 1608 primis
570 1554 719 1596 ordine
749 1568 871 1608 saepe
895 1555 1156 1607 perturbato.

537 1613 724 1667 Optimos
753 1613 1082 1667 uniuscuiusque
1113 1613 1262 1656 classis
1293 1613 1452 1656 codices
1479 1613 1523 1655 A
1543 1618 1609 1655 la.
1631 1613 1677 1656 B
1697 1618 1751 1656 la
1781 1617 1884 1657 totos

386 1673 547 1715 contuli
577 1677 617 1716 et
645 1677 773 1716 totam
805 1672 1027 1715 lectionum
1057 1672 1321 1715 variantium
1347 1672 1677 1726 discrepantiam
1701 1686 1753 1716 ex
1776 1672 1884 1727 ipsis

389 1732 525 1786 attuli,
557 1734 631 1775 sed
660 1737 813 1775 temtum
838 1732 887 1774 in
910 1731 1153 1775 universum
1174 1746 1261 1775 non
1282 1732 1430 1775 curavi
1450 1732 1539 1775 nisi
1561 1731 1881 1787 primiyenium,

385 1793 500 1835 unde
539 1807 590 1835 ea
629 1805 736 1846 quae
774 1792 824 1834 in
863 1791 906 1834 A
925 1796 980 1834 la
1020 1793 1079 1834 ad
1117 1791 1239 1835 aliud
1277 1792 1491 1846 exemplar
1529 1796 1716 1835 correcta
1759 1796 1884 1835 erant
1907 1808 1942 1835 ιο

388 1852 479 1904 fere
503 1851 727 1906 suppressi,
760 1865 890 1905 neque
915 1851 1148 1906 quisquilia
1169 1851 1312 1894 omnia
1334 1851 1519 1905 posteris
1549 1852 1718 1894 tradere
1747 1866 1884 1895 meum

388 1925 476 1954 esse
515 1911 768 1954 existimavi.
831 1911 1051 1954 Lectiones
1090 1910 1348 1964 reliquorum
1380 1910 1566 1954 codicum
1597 1910 1726 1953 latius
1756 1925 1883 1965 quam

388 1971 437 2013 in
469 1971 619 2025 priore
650 1970 829 2014 editione
860 1970 1109 2025 perscripsi,
1150 1970 1223 2013 ubi
1253 1970 1499 2025 sinqularia
1528 1984 1671 2013 eorum
1701 1971 1883 2026 neylexe-

388 2044 495 2084 ram,
538 2030 740 2084 librisque
779 2045 881 2084 quos
921 2030 1019 2073 olim
1055 2030 1334 2073 adhibueram
1364 2030 1407 2072 A
1429 2031 1490 2073 lb.
1523 2044 1555 2073 c.
1580 2034 1620 2072 2.
1644 2034 1684 2072 3.
1709 2034 1748 2072 4.
1780 2029 1826 2073 B
1842 2034 1880 2084 2,

386 2104 468 2145 quo
518 2090 668 2133 melius
716 2089 1046 2143 uniuscuiusque
1099 2090 1267 2144 ⁸qeneris
1325 2089 1510 2132 varietas
1560 2089 1882 2144 perspiceretur,
1908 2105 1943 2132 so

388 2164 502 2193 nune
530 2150 683 2193 addidi
707 2150 750 2192 A
773 2147 853 2192 la*.
877 2149 927 2193 οἳ
952 2150 991 2192 d.
1015 2153 1073 2192 4a
1104 2154 1143 2192 et
1172 2150 1215 2192 A
1233 2149 1287 2192 3‘.
1312 2147 1383 2192 3‘*.
1408 2147 1463 2200 3*,
1498 2149 1667 2192 collatos
1690 2148 1786 2192 illos
1810 2163 1884 2204 ope

397 2210 465 2253 W.
489 2209 674 2253 Levison
705 2214 743 2252 et
771 2210 832 2251 H.
866 2210 1066 2263 Lebeque,
1099 2210 1175 2252 hos
1199 2223 1280 2263 per
1309 2224 1387 2252 me.
1434 2209 1506 2251 Ex
1535 2209 1579 2251 A
1600 2205 1669 2251 la*
1701 2213 1740 2252 et
1767 2209 1812 2252 A
1833 2210 1882 2252 lb

389 2269 582 2313 lectiones
598 2269 883 2324 discrepantes
902 2269 994 2322 fere
1015 2283 1156 2312 omnes
1176 2284 1290 2312 nunc
1310 2268 1526 2323 eoescripsi,
1548 2270 1622 2311 sed
1641 2268 1744 2312 libri
1758 2271 1802 2311 A
1816 2267 1882 2312 lb*

389 2328 617 2382 deterrimi,
649 2343 730 2382 quo
751 2330 810 2371 ad
829 2343 861 2371 c.
890 2333 954 2382 11,
988 2328 1203 2381 deficiente
1223 2328 1360 2371 codice
1379 2328 1423 2370 A
1445 2329 1506 2382 lb,
1538 2342 1640 2371 usus
1660 2342 1764 2381 sum,
1796 2342 1883 2371 non

389 2387 538 2431 curavi
568 2402 758 2431 excessus
797 2387 1040 2430 temerarios
1077 2393 1199 2441 atque
1230 2388 1381 2430 eoeinde
1420 2387 1627 2430 rationem
1667 2387 1758 2430 eius
1795 2401 1883 2430 non
1908 2403 1941 2430 ³⁵

387 2447 520 2490 habui
549 2447 638 2490 nisi
667 2461 783 2490 raro.
843 2447 1014 2490 Codices
1038 2447 1081 2490 A
1101 2453 1159 2490 lc.
1183 2445 1218 2490 c*
1243 2461 1326 2501 pro
1355 2461 1441 2489 uno
1472 2446 1704 2500 exemplari
1729 2447 1880 2501 accepi,

381 2506 683 2561 proprietatem
707 2506 954 2549 alterutrius
977 2506 1254 2560 supprimens,
1287 2520 1458 2560 eumque
1489 2506 1615 2549 etiam
1645 2505 1749 2549 libri
1765 2506 1808 2549 A
1830 2507 1885 2549 ld

389 2581 483 2609 cum
521 2566 589 2609 his
629 2565 862 2620 comparati
891 2567 1045 2608 menda
1076 2565 1320 2619 peculiaria
1352 2567 1410 2608 ad
1438 2566 1596 2618 fontem
1627 2579 1882 2610 communem

389 2626 530 2669 redire
560 2626 793 2680 nequirent,
826 2629 865 2667 et
892 2625 989 2679 ipsa
1014 2625 1239 2679 suppressi,
1273 2639 1380 2679 quae
1407 2640 1510 2668 sane
1530 2626 1648 2669 haud
1666 2625 1729 2669 ita
1748 2626 1881 2669 multa

389 2690 525 2729 erant.
588 2685 810 2729 Codicibus
839 2685 884 2727 A
902 2690 940 2726 2.
970 2690 1026 2728 2a
1057 2689 1096 2728 et
1125 2685 1168 2727 A
1186 2690 1224 2726 3.
1249 2683 1291 2727 3*
1318 2689 1358 2727 et
1381 2686 1423 2727 A
1441 2689 1481 2726 4.
1504 2688 1562 2728 4a
1593 2685 1732 2728 eodem
1760 2686 1881 2728 modo
1905 2701 1940 2726 ω

386 2760 490 2788 usus
505 2759 608 2799 sum,
634 2749 682 2788 ut
701 2744 844 2787 omnia
859 2744 1027 2787 silentio
1044 2744 1335 2798 praeterirem,
1363 2759 1470 2798 quae
1491 2759 1519 2787 a
1533 2743 1774 2798 propinquo
1793 2758 1880 2787 non

389 2806 766 2858 confirmarentur,·
787 2803 909 2846 libris
925 2804 1016 2846 As.
1037 2803 1079 2846 3*
1100 2803 1213 2846 inter
1227 2819 1270 2846 se
1287 2804 1622 2858 discrepantibus
1635 2804 1881 2858 plerumque

390 2865 595 2907 calculum
625 2864 668 2906 A
681 2865 721 2906 3‘
754 2863 974 2918 assumpsi,
1008 2863 1157 2906 rarius
1187 2864 1230 2905 A
1243 2862 1312 2906 3‘*.
1361 2863 1580 2907 Lectiones
1610 2867 1747 2906 autem
1778 2877 1880 2906 com-

388 2937 535 2967 munes
551 2924 755 2967 librorum
771 2923 863 2966 etA
879 2928 935 2966 lc.
953 2921 988 2966 c*
1007 2927 1044 2966 et
1059 2923 1103 2966 A
1114 2927 1152 2966 2.
1174 2927 1230 2966 2a
1246 2927 1284 2966 et
1296 2923 1339 2966 A
1354 2927 1392 2965 3.
1408 2920 1451 2965 3*
1468 2923 1560 2965 etA
1573 2927 1613 2966 4.
1628 2926 1686 2966 4a
1693 2922 1880 2978 potioris
