2008 3302
0 0 78 287 ξ,

386 299 553 345 IONAS,
571 298 735 336 VITAE
760 298 1070 336 GOLUMBANI
1093 298 1240 336 LIBRI
1263 298 1317 336 H.
1559 301 1606 338 35

18 235 42 267 a

15 421 47 474 f«
103 424 235 470 nones
265 439 293 467 a
324 422 539 467 conditore
569 426 762 477 acceptas
801 421 994 477 inteyras
1025 422 1211 477 posteris
1250 435 1422 466 servare
1461 422 1604 477 nequi-

0 482 49 526 ζςὶ
101 488 260 528 verunt.

11 528 41 587 ἶ
242 543 303 586 In
353 541 610 585 monasterio
655 541 881 608 Bobiensi,
936 540 1196 585 Columbano
1245 546 1431 596 mortuo,
1476 546 1606 596 pater

102 602 298 656 suffectus
342 606 404 645 est
441 601 689 655 Athala1,
732 600 802 645 cui
841 615 894 643 ex
937 600 1195 644 Theuderici
1236 615 1380 668 reyno
1406 602 1606 656 expulsus

43 672 90 711 ἐ
100 666 273 714 sanctus
301 661 552 705 monasterii
577 659 863 704 Luxoviensis
884 659 1035 716 primo
1067 660 1334 704 commiserat
1362 660 1498 715 imper
1499 661 1602 704 ium.

101 723 152 767 Is
189 737 211 766 e
249 721 615 776 Buryundionum
651 734 804 775 qenere
847 719 983 763 nobili
1020 724 1263 775 proynatus
1306 720 1502 764 liberales
1541 721 1604 764 lit-

101 787 214 827 teras
249 796 278 824 a
310 786 438 836 patre
469 780 692 834 didicerat
731 779 883 823 deinde
913 779 1070 834 Ariyio
1101 779 1291 834 episcopo
1322 780 1605 835 Lugdunensi

100 841 410 887 commendatus
440 854 488 884 er
489 844 545 894 at,
577 844 624 882 ut
654 854 748 883 cum
778 838 996 883 sodalibus
1031 840 1092 882 ad
1127 840 1369 883 saeculares
1409 840 1604 883 ecclesiae

0 923 45 954 A».
99 902 277 946 honores
299 903 642 955 praepararetur
650 914 667 954 ,·
698 900 758 943 ad
785 899 918 942 vitam
939 903 1078 942 autem
1099 899 1377 943 coenobialem
1399 899 1606 954 aspirans

99 975 192 1006 cum
222 962 383 1005 duobus
405 959 558 1015 pueris
589 960 648 1003 ad
678 959 917 1003 Lerinense
946 958 1252 1002 monasterium
1283 973 1326 1002 se
1357 959 1603 1014 contulerat,

42 1050 47 1078 3
99 1034 270 1076 cumque
310 1019 584 1075 disciplinam
630 1019 694 1062 ibi
734 1019 926 1062 laxatam
966 1032 1054 1062 esse
1093 1018 1483 1073 animadvertisset,
1532 1018 1605 1063 Oo-

99 1081 344 1125 lumbanum
384 1078 572 1123 Luxovii
610 1078 803 1131 adierat,
842 1077 917 1133 qui
960 1092 1036 1121 suo
1077 1078 1317 1122 ministerio
1356 1078 1606 1123 adiunctum

3 1187 7 1196 ⁴
99 1154 192 1184 eum
222 1139 465 1194 disciplinis
495 1138 792 1182 ecclesiasticis
821 1138 1033 1181 instruere
1063 1138 1268 1182 studebat.
1331 1139 1433 1182 Iam
1473 1140 1606 1182 abbas

2 1200 7 1212 ⁸
46 1206 49 1207 ’
99 1205 266 1244 creatus
315 1200 500 1254 exemplo
550 1198 749 1253 maqistri
805 1197 1081 1252 disciplinam
1135 1199 1375 1253 reyularem
1435 1198 1606 1251 fortiter

2 1261 10 1287 ·’
78 1261 325 1304 exercebat.
389 1258 559 1302 Subditi
589 1258 773 1301 nimium
804 1257 904 1300 novi
928 1257 1073 1312 patris
1102 1257 1314 1310 fervorem
1352 1257 1426 1300 vix
1466 1272 1605 1313 aeyre-

39 1375 41 1378 Ι
97 1333 176 1375 que
205 1318 482 1372 sustinebant,
516 1318 741 1372 animoque
772 1317 976 1371 commoti,
1020 1331 1113 1360 cum
1144 1318 1198 1360 ab
1234 1317 1327 1372 ipso
1367 1317 1442 1361 diu
1483 1318 1605 1361 casti-

95 1383 314 1436 qai-entur,
347 1378 582 1421 libertatem
613 1377 899 1420 desideratam
929 1376 1160 1431 quaesiere,
1194 1381 1318 1431 atque
1348 1377 1605 1420 monasterio

16 1443 43 1523 ’,ξ
98 1438 253 1492 relicto,
294 1437 377 1481 alii
416 1437 540 1481 sinus
578 1436 820 1480 maritimos
862 1436 1019 1490 adiere,
1062 1435 1142 1479 alii
1184 1436 1444 1480 eremiticam
1491 1441 1605 1480 ante-

16 1518 30 1556 ‘i
91 1512 270 1554 posuere
308 1497 462 1551 vitam,
495 1496 583 1540 sive
623 1495 885 1540 commerciis
925 1495 1013 1538 sive
1052 1499 1213 1539 natura
1253 1496 1392 1551 mayis
1432 1497 1604 1540 delecta-

19 1562 77 1619 ζμ
99 1559 280 1613 bantur,·
310 1557 455 1601 abbati
484 1571 581 1600 vero
613 1557 835 1600 detrahere
863 1569 950 1599 non
971 1557 1204 1599 cessabant.
1258 1556 1444 1599 Interim
1465 1556 1604 1600 obiur-

11 1632 39 1721 ζξ
97 1622 220 1674 yator
264 1616 653 1660 vehementissimus
698 1620 872 1659 mortem
919 1615 1122 1659 occubuit.
1201 1616 1292 1670 Quo
1332 1616 1455 1671 siyno
1502 1616 1604 1660 tacti

8 1677 274 1744 plurimi
305 1678 364 1720 ad
393 1691 436 1720 se
466 1676 697 1730 redierunt,
722 1675 1051 1742 praemissaque
1082 1675 1348 1728 confessione
1379 1676 1602 1730 paeniten-

51 1737 250 1792 tiaque,
283 1736 429 1780 abbati
458 1710 725 1780 reconciliati
760 1739 871 1789 sunt,
914 1735 1067 1790 quique
1107 1735 1362 1779 verecundia
1402 1740 1501 1779 tunc
1541 1751 1554 1778 i
1557 1750 1602 1779 ·e-

98 1796 354 1851 tinebantur,
388 1796 573 1839 aliorum
602 1800 734 1839 morte
757 1794 982 1850 perterriti
1013 1799 1168 1851 postea
1198 1795 1247 1838 in
1284 1795 1475 1850 qratiam
1516 1810 1603 1839 suo—

13 1850 76 1915 ἔξω
98 1871 266 1901 cessere
329 1855 542 1899 Monachi
571 1855 805 1899 Bobienses
835 1854 944 1898 sicut
962 1854 1253 1898 Luxovienses
1283 1855 1383 1910 ayri
1413 1856 1604 1899 culturae

19 1923 22 1926 ’
98 1918 308 1960 vacabant
337 1917 606 1970 telluremque
636 1917 696 1959 ad
725 1915 944 1968 frumenta
975 1914 1248 1969 suscipienda
1287 1929 1450 1958 vomere
1491 1930 1603 1958 eaeco-

27 2007 30 2020 1
99 1976 252 2020 lebant.
336 1975 442 2020 Cum
492 1976 633 2029 frater
677 1974 854 2029 quidam
898 1974 949 2017 in
999 1976 1250 2041 reparanda
1301 1975 1412 2018 stiva
1460 1975 1604 2029 ylebae

23 2043 43 2086 ,ὲ
98 2036 327 2091 asperitate
356 2035 580 2089 confracta
602 2035 800 2090 pollicem
831 2033 1089 2088 abscidisset,
1112 2034 1251 2089 ipsum
1272 2034 1467 2089 quamvis
1488 2039 1604 2077 terra

27 2151 30 2154 Α
98 2096 188 2140 iam
238 2095 452 2140 conditum
497 2095 662 2138 Athala
712 2094 864 2138 manui
915 2093 1119 2137 adiunxit
1166 2108 1361 2149 moreque
1406 2094 1605 2149 magistri

23 2167 77 2205 lm
99 2155 282 2199 sanavit.
345 2156 629 2198 Frumentum
660 2153 827 2197 horreis
858 2153 1085 2207 conditum,
1117 2157 1165 2197 ut
1199 2153 1249 2196 in
1287 2153 1487 2207 farinam
1517 2168 1604 2196 mu-

21 2222 35 2249 *-
99 2220 231 2258 tatum
261 2214 392 2258 victui
421 2215 608 2261 humano
640 2215 931 2269 adaptaretur,
955 2212 1013 2256 ¹in
1040 2213 1329 2256 molendinum
1350 2214 1605 2257 tradendum

17 2272 42 2326 ,ἓ
99 2279 205 2318 erat.
267 2275 384 2318 Erat
412 2278 551 2318 autem
590 2273 880 2317 molendinum
918 2272 1170 2316 monasterii
1210 2274 1271 2317 ad
1299 2272 1485 2316 Bobium
1526 2278 1604 2316 tor-

18 2306 40 2381 3
98 2339 258 2378 rentem
304 2333 442 2388 situm,
490 2333 610 2388 eique
655 2347 769 2376 unus
815 2347 866 2376 esc
905 2332 1122 2386 fratribus
1162 2337 1299 2376 custos
1329 2333 1606 2389 praepositus

17 2387 45 2469 'J
99 2408 272 2437 munere
317 2393 426 2437 satis
457 2393 697 2448 periculoso
737 2393 999 2447 funqebatur
1038 2397 1230 2447 tempore,
1272 2406 1353 2447 quo
1394 2407 1606 2448 aquarum

24 2448 76 2502 ‘ts
99 2455 226 2497 moles
256 2468 308 2497 ex
345 2453 558 2496 montibus
601 2453 797 2507 delapsae
837 2451 1016 2506 rupibus
1055 2452 1361 2508 arboribusque
1401 2453 1606 2508 conyestis

99 2517 227 2558 totam
267 2513 492 2567 officinam
530 2514 767 2568 demeryere
807 2511 1066 2555 nitebantur.
1138 2513 1305 2556 Athala
1345 2527 1432 2556 non
1471 2513 1606 2556 solum

30 2619 34 2628 ⁸
99 2573 316 2628 sinyulari
345 2573 512 2626 fervore
543 2572 761 2626 eminebat,
795 2573 869 2615 sed
898 2571 1027 2615 etiam
1047 2572 1313 2626 quaestiones
1333 2572 1607 2626 difficiliores

15 2642 23 2648 ·
100 2637 140 2676 et
182 2634 340 2676 solvere
385 2637 425 2676 et
468 2646 674 2687 opponere
712 2636 894 2687 poterat,
942 2631 1007 2675 ita
1052 2636 1100 2675 ut
1144 2632 1336 2675 Arianis
1382 2632 1607 2676 haereticis

31 2721 36 2731 .
99 2692 271 2746 fortiter
299 2691 496 2736 resistere
525 2692 695 2735 valeret.
764 2691 848 2746 Qui
879 2706 973 2734 cum
995 2693 1276 2746 praecedente
1306 2706 1402 2747 reye
1433 2691 1607 2746 quantis

18 2768 78 2802 „mo
92 2756 293 2807 poterant
321 2751 487 2795 viribus
517 2751 822 2795 monasterium
843 2751 1110 2795 sublevarent
1131 2766 1374 2806 omnemque
1394 2751 1607 2804 fratribus

18 2850 44 2918 ιζ’
103 2881 138 2925 1)
173 2881 213 2917 V.
242 2881 399 2916 Columb.
422 2881 476 2925 II,
496 2882 564 2916 1-
573 2881 605 2916 6.
655 2880 791 2915 Nomen
819 2881 1073 2915 Germanicum
1106 2885 1147 2915 ut
1171 2879 1311 2915 Athala
1336 2881 1436 2924 apud
1462 2879 1608 2914 Cassio-

27 2950 43 2976 !
100 2929 229 2963 dmum
254 2930 366 2971 (Van
391 2928 464 2973 XI,
483 2931 536 2972 1),
564 2927 679 2962 Athal
713 2929 812 2973 apud
836 2928 1029 2963 Iordanem
1062 2929 1182 2972 (Am-t.
1208 2929 1320 2972 antiq.
1347 2929 1388 2972 V,
1407 2930 1440 2972 1,
1461 2939 1501 2973 p.
1521 2929 1611 2968 143)

28 2978 37 3021 ’ξ
101 2977 214 3021 audit,
249 2978 302 3010 ita
334 2978 375 3010 in
408 2976 616 3044 melioribus
642 2976 751 3010 Ionae
784 2975 958 3011 codicibus
981 2975 1121 3011 Athala
1145 2979 1178 3011 et
1201 2975 1314 3011 Atala
1347 2977 1521 3021 scriptum
1545 2979 1606 3012 est.

1319 3035 1366 3072 3*
