2008 3302
426 251 596 297 IONAS,
614 251 776 288 VITAE
803 250 1110 289 OOLUMBANI
1134 251 1281 289 LIBRI
1305 252 1357 290 11.
1478 223 1481 226 ι
1576 256 1646 291 103

76 379 93 421 s
140 376 264 430 mue
305 377 439 417 textus
475 387 568 417 cum
609 374 742 418 classe
784 375 1064 430 praecedente
1111 374 1421 419 necessitudine
1459 377 1646 433 quadam

82 475 83 479 ,
141 433 389 479 coniunctus
419 437 504 476 est:

138 503 139 506 ’
216 504 257 559 Ι,
283 509 320 548 1.
354 501 622 606 Ρτειὲήετίὺα]
657 506 853 562 posteris
884 505 928 548 A
946 508 994 558 6;
1037 520 1119 561 per
1151 509 1278 550 certa
1308 507 1372 549 vel
1403 521 1486 563 pro
1519 510 1645 552 certo

235 623 293 667 ib.
356 620 612 680 quatiente]
647 625 946 668 concuciente
977 624 1022 667 A
1040 627 1065 666 6
1099 638 1192 668 cum
1223 624 1266 667 A
1284 629 1363 678 5a;

215 683 255 738 I,
279 687 318 727 2.
353 698 443 740 quo
473 679 644 739 truces]
678 684 802 739 quod
833 686 988 727 truces
1019 681 1128 735 A6;
1163 685 1287 740 quod
1320 699 1478 729 eruces
1510 686 1644 738 A5a;

216 743 257 797 I,
282 747 323 785 3.
356 740 476 800 pilis]
511 743 597 785 A6
631 756 725 786 cum
761 742 857 785 As.
892 747 963 786 5a.
995 741 1059 798 Β,

27 851 33 858 ν
71 838 75 841 Α
216 802 257 857 I,
280 806 322 845 4.
355 799 686 859 vicensimum]
720 803 1021 846 Tricesimum
1052 802 1138 845 A6
1173 817 1266 846 cum
1298 803 1399 846 A4.
1434 807 1475 846 5.
1507 804 1564 858 Β,

20 870 31 910 ,t'
78 892 82 899 ·
142 836 257 907 sicui
278 862 412 906 locum
444 876 477 906 c.
501 866 572 905 20.
605 863 665 905 αᾱ
682 861 1019 929 Rayumundum
1049 866 1301 917 spectantem
1320 862 1529 907 librarius
1554 878 1647 907 cum

20 911 39 951 3
141 921 185 965 A
202 926 242 966 3.
268 926 307 966 5.
335 921 382 964 B
428 922 529 965 bene
574 921 773 965 servavit.
835 925 1041 965 Attamen
1087 926 1147 966 tot
1182 922 1430 976 peculiaria
1475 922 1526 966 in
1571 923 1647 967 hoc

20 978 24 1001 ‘¹
81 1012 87 1027 τ
142 980 281 1027 codice
301 982 684 1036 deprehenduntur,
713 985 761 1024 ut
779 981 918 1036 ipsum
938 981 1172 1036 separatim
1192 996 1444 1026 enumerare
1462 983 1644 1026 mallem.

141 1038 247 1085 Post
273 1040 403 1085 verba
434 1056 468 1085 c.
495 1046 531 1084 1.
564 1042 756 1085 scientie
787 1042 919 1085 fonte
945 1042 990 1084 A
1007 1046 1032 1085 6
1065 1041 1188 1085 addit
1218 1043 1429 1095 confessi,
1463 1042 1538 1086 ubi
1566 1042 1648 1086 alii

142 1100 235 1146 alia
263 1100 643 1157 interpolaverunt,
685 1105 809 1157 atque
832 1101 966 1155 paulo
995 1101 1123 1154 infra
1153 1105 1267 1145 textu
1298 1101 1471 1145 omnino
1501 1102 1647 1145 immu-

107 1194 109 1196 -
140 1163 228 1205 cato
272 1159 386 1204 idem
430 1160 496 1204 ita
531 1160 704 1217 peryit:
748 1161 1062 1218 refulgentem
1108 1162 1217 1204 stilo
1264 1163 1478 1218 pertenui
1521 1177 1647 1218 prae-

76 1234 90 1261 ‚s
142 1221 420 1277 sumpsimus
461 1221 655 1277 adgredi
685 1221 842 1264 vitam.
907 1221 1221 1264 Columbanus
1256 1222 1402 1277 igitur
1434 1222 1648 1277 simplici-

28 1284 30 1291 '
141 1281 288 1324 tatem
333 1281 476 1323 animi
516 1281 657 1323 etiam
697 1281 898 1324 nominis
928 1281 1155 1324 vocabulo
1196 1282 1383 1337 signans
1415 1284 1545 1324 ortus
1577 1284 1648 1324 est

26 1383 27 1391 ,
76 1363 77 1366 =
144 1338 371 1384 Hibernia
403 1338 488 1394 (ita
517 1339 674 1394 incipit
703 1353 736 1382 c.
761 1343 788 1382 2
782 1340 826 1396 ).
883 1339 1119 1383 Librarius
1149 1340 1279 1383 verba
1301 1354 1509 1394 persaepe
1538 1341 1648 1384 male

142 1398 388 1455 intelleyens
418 1403 574 1442 textum
604 1398 756 1442 misere
788 1399 1060 1454 depravavit:

217 1469 260 1525 I,
284 1475 326 1514 2.
357 1473 470 1514 nota
500 1467 654 1527 litora]
688 1471 912 1514 nataliter
942 1486 1023 1514 ora
1052 1471 1097 1514 A
1115 1475 1162 1523 6;

237 1530 296 1574 ib.
358 1531 559 1574 candore
590 1527 753 1587 terras]
789 1532 962 1574 candor
992 1533 1040 1574 et
1070 1534 1219 1574 terras
1251 1533 1294 1573 A
1314 1534 1362 1583 63

241 1589 300 1633 ib.
362 1590 515 1634 calore
546 1588 824 1646 madentem]
859 1591 1060 1634 calorem
1092 1591 1152 1633 ad
1183 1605 1367 1634 omnem
1398 1591 1442 1633 A
1462 1595 1509 1643 6;

101 1704 105 1705 ⁷
241 1649 298 1694 ib.
361 1647 652 1717 Exterorum]
686 1651 772 1694 hec
803 1653 1014 1693 tororum
1045 1650 1088 1692 A
1106 1654 1145 1702 6

40 1768 41 1771 ¹
102 1716 106 1717 ⁷
135 1709 372 1777 alteroque,
417 1709 507 1753 nisi
551 1709 696 1764 fallor,
735 1723 899 1764 parum
938 1709 1203 1753 articulatim
1245 1710 1429 1754 dictante
1469 1709 1650 1754 codicem

35 1802 62 1820 ,..,
144 1768 353 1813 exaravit.

38 1827 39 1830 ’
85 1840 88 1843 ‘
287 1828 485 1884 Inspexit
513 1829 575 1872 H.
607 1828 799 1884 Lebeyue
828 1843 866 1872 v.
900 1843 934 1872 c.

61 1938 63 1943 .
296 1900 465 1945 Classis
485 1900 648 1944 Italica
668 1900 764 1944 licet
787 1900 946 1944 modice
970 1905 1204 1944 retractata
1228 1901 1296 1955 sit,
1323 1900 1486 1955 aliquot
1509 1905 1652 1944 tamen

34 2004 37 2011 ,
66 1966 69 1967 ’
146 1959 250 2005 locis
265 1959 480 2004 lectionem
494 1975 639 2004 veram
656 1960 976 2004 accuratissime
992 1975 1261 2004 conservasse
1276 1961 1454 2014 videtur,
1476 1975 1652 2015 mayna-

145 2033 224 2075 que
255 2019 387 2064 eidem
418 2020 653 2064 auctoritas
683 2020 732 2063 in
763 2021 887 2063 rebus
914 2020 1211 2075 yrammaticis
1242 2025 1281 2063 et
1310 2019 1652 2076 orthoyraphicis

145 2079 418 2123 attribuenda
454 2084 527 2123 est.
589 2079 738 2122 Huius
778 2079 892 2123 enim
930 2079 1191 2123 recensionis
1231 2079 1390 2123 codices
1426 2083 1655 2134 supersunt

84 2134 90 2146 “
145 2143 186 2183 et
213 2139 468 2194 antiquitate
500 2143 776 2195 praestantes
814 2144 854 2182 et
891 2143 1087 2183 accurate
1125 2139 1287 2194 scripti.
1349 2139 1412 2182 At
1442 2153 1525 2194 per
1555 2140 1654 2182 deos

71 2215 74 2220 ·
145 2198 404 2242 immortales
433 2198 524 2242 dies
555 2203 649 2242 ater
680 2198 949 2242 bibliothecae
990 2198 1256 2242 Taurinensi
1285 2199 1458 2242 interim
1494 2198 1651 2252 illuxit,

72 2310 78 2318 ι
146 2257 196 2302 in
235 2272 321 2313 qua
361 2258 620 2302 celeberrimi
649 2257 884 2301 Bobienses
923 2257 991 2301 illi
1023 2257 1184 2302 codices
1214 2263 1503 2313 asservantur,
1545 2272 1653 2301 cum-

41 2358 46 2369 ,
146 2332 224 2373 que
255 2318 306 2361 de
334 2318 429 2371 fato
469 2332 612 2361 eorum
644 2317 948 2372 pertimescens
987 2318 1048 2361 ad
1085 2318 1354 2361 bibliothecae
1384 2318 1654 2373 praefectum

37 2414 39 2431 2
76 2384 77 2387 ’
147 2377 311 2421 litteras
357 2377 575 2432 dedissem,
623 2391 669 2420 eo
715 2377 898 2420 nimium
943 2381 1140 2432 occupato
1188 2378 1368 2422 Carolus
1408 2392 1541 2421 comes
1587 2376 1653 2421 Gi-

38 2437 40 2442 ’
84 2441 124 2478 *⁸5
139 2437 262 2492 polla
285 2436 355 2480 vir
375 2437 652 2491 doctissimus,
686 2437 760 2491 qui
781 2451 875 2480 cum
895 2437 998 2480 aliis
1018 2437 1314 2481 universitatis
1335 2437 1655 2492 professoribus

147 2496 197 2539 in
239 2496 435 2551 reliquiis
474 2496 734 2540 ordinandis
779 2501 818 2539 et
862 2496 1134 2540 restituendis
1179 2512 1294 2541 nunc
1338 2502 1546 2551 versatur,
1593 2510 1654 2539 re-

44 2572 46 2574 *
67 2583 69 2585 ·
147 2570 347 2611 sponsum
378 2555 577 2610 reddidit,
610 2557 838 2599 nonnullos
863 2571 884 2599 e
920 2557 969 2600 V.
994 2556 1247 2601 Columbani
1268 2556 1480 2600 codicibus
1492 2556 1655 2611 primis

43 2618 70 2677 ἐς
139 2619 240 2670 post
267 2615 514 2659 incendium
535 2615 682 2659 diebus
706 2630 734 2658 a
759 2630 802 2659 se
828 2616 941 2659 visos
965 2631 1052 2659 esse
1076 2631 1206 2660 sanos
1229 2631 1304 2660 vei
1303 2630 1400 2671 ique
1424 2630 1512 2659 non
1532 2615 1654 2658 dissi-

55 2686 69 2714 2'
148 2674 248 2718 mile
277 2689 365 2718 esse
395 2675 509 2730 ipsos
538 2675 782 2718 vetustiores
805 2675 851 2718 Β
872 2680 938 2719 la.
957 2676 980 2718 b
1006 2677 1146 2719 adhuc
1171 2680 1314 2719 extare
1337 2675 1531 2730 quamvis
1553 2675 1655 2728 plus

38 2715 75 2793 ξῖ
89 2747 126 2774 40
149 2733 340 2778 minusve
379 2735 526 2788 laesos,
574 2734 670 2778 licet
699 2748 785 2789 pro
825 2740 934 2778 certo
965 2735 1014 2779 id
1052 2735 1283 2789 affirmare
1313 2736 1451 2778 nollet.
1516 2734 1656 2788 Siyna

41 2773 68 2863 ¹}
150 2793 263 2837 enim
293 2793 418 2837 libris
447 2793 650 2860 imposita
678 2794 769 2846 fere
797 2795 943 2838 omnia
964 2794 1192 2849 perierunt
1222 2808 1353 2848 neque
1383 2793 1484 2847 sieri
1504 2797 1653 2848 potest,

57 2867 60 2869 ’
150 2857 197 2896 ut
224 2853 324 2896 usui
355 2853 527 2908 publico
564 2852 651 2907 ipsi
690 2854 923 2897 tradantur
952 2853 1041 2897 nisi
1078 2855 1201 2908 lonqo
1231 2853 1470 2896 intervallo.
1533 2853 1657 2895 Haec

55 2918 72 2984 ξ’
151 2912 268 2956 testis
297 2913 454 2956 oculati
484 2914 614 2956 verba
644 2912 761 2955 viros
792 2913 998 2956 litteratos
1029 2914 1131 2956 celao
1133 2927 1165 2956 e
1195 2913 1328 2955 nolui.
