2008 3302
407 260 577 306 IONAS,
596 260 761 297 VITAE
787 259 1094 298 COLUMBANI
1118 258 1263 296 LIBRI
1287 258 1630 298 11.137

27 415 66 453 ff
122 382 448 439 splendidasque
477 383 590 426 idem
621 384 735 427 solus
764 383 951 427 servavit
980 383 1100 426 haud
1132 396 1308 437 paucas,
1350 381 1529 437 reliquis
1559 383 1628 426 ab·

24 440 33 470 ²
122 443 366 488 errantibus
396 443 615 486 omnibu-s:

59 523 63 537 ι
171 503 242 556 ΙΙ,
263 507 304 546 9.
367 501 637 559 colligatim]
661 503 792 557 A1e;
813 503 1074 546 oollocatim
1099 502 1239 556 Β1α,·
1258 502 1506 546 'vellicatim
1528 501 1625 554 A2;

55 581 58 584 ·
369 564 599 606 stilliatim
633 563 675 605 A
699 564 777 616 ld,·
808 563 1082 619 singillatim
1115 562 1258 615 A1b;
1289 576 1367 604 om.
1401 562 1444 604 A
1466 567 1524 615 lc,

121 626 244 690 atquc
273 621 477 678 inprimis
517 623 565 666 in
597 622 697 665 Mir
698 622 834 666 aculis
864 597 1252 665 Evoriacensibus’
1268 635 1501 664 sermonem
1533 637 1628 666 auc-

121 681 226 726 toris
261 696 425 737 parum
471 687 701 726 correctum
746 696 798 725 esc
842 682 918 725 hoc
961 681 1100 725 codice
1139 681 1264 724 semel
1304 685 1429 736 atque
1474 682 1544 724 iter
1546 697 1628 725 um

118 741 270 786 melius
300 742 493 798 coqnosci
524 742 621 785 licet
649 756 777 796 quam
808 756 860 785 ea·
889 741 1090 796 reliquis:

169 801 240 857 ΙΙ,
264 807 330 845 11.
364 803 590 846 coenubio
630 826 690 831 —
731 816 867 858 quem
909 825 967 831 —
1013 800 1253 858 quemque]
1298 803 1342 844 A
1369 806 1441 855 le,·
1488 817 1523 845 c.
1567 827 1627 832 ——-

363 863 487 919 quod
519 886 579 891 -—
609 863 824 918 quodque
857 859 995 918 (quod
1027 861 1071 904 A
1091 866 1151 904 lc.
1175 864 1219 913 d)
1250 863 1339 906 rell.
1352 876 1370 916 ;

211 921 270 965 i-b.
364 937 468 965 cum
500 919 692 978 fluenta]
726 922 770 964 A
791 926 864 975 le;
896 937 1000 965 cum
1032 922 1220 965 fluentis
1253 923 1297 966 A
1319 922 1382 964 lb.
1407 936 1454 976 c;
1485 937 1522 965 c.
1545 923 1626 965 fiu-

364 983 462 1026 enti
494 979 698 1038 (fiuenbiz
732 979 865 1037 A2a)
897 982 941 1024 A
964 983 1026 1024 ld.
1062 986 1132 1024 20⁶.
1164 982 1210 1025 Β
1230 987 1297 1026 la.

117 1041 242 1085 Haec
273 1045 360 1085 tota
390 1041 533 1096 stirps,
566 1042 725 1085 scilicet
754 1041 797 1084 A
818 1046 877 1085 lc.
901 1043 942 1085 d.
965 1056 997 1095 e,
1030 1057 1121 1084 una
1153 1057 1246 1085 cum
1278 1042 1388 1085 libro
1420 1043 1627 1086 deteriore

21 1096 24 1106 '
59 1123 61 1126 ·
116 1101 161 1144 A
179 1105 248 1156 2a,
290 1101 364 1157 qui
406 1116 499 1145 cum
540 1101 719 1156 reliquis
759 1106 963 1145 accurata
1002 1101 1242 1145 imitatione
1274 1106 1435 1146 certare
1466 1103 1623 1157 nequit,

117 1160 332 1205 lectionem
364 1162 582 1216 archetypi
613 1162 705 1204 sola
736 1161 923 1204 servavit
951 1162 990 1205 h.
1025 1162 1052 1204 l.
1066 1177 1080 1205 .·

165 1232 236 1287 ΙΙ,
259 1237 325 1275 12.
359 1234 568 1290 postulat
597 1235 720 1290 patri
746 1230 989 1290 matrique]
1014 1233 1057 1276 A
1073 1238 1132 1277 lc.
1151 1236 1190 1277 d.
1209 1249 1242 1277 e.
1267 1238 1351 1289 'Za;
1377 1251 1420 1291 p.
1444 1238 1623 1292 patrem

363 1297 648 1350 matremque
681 1291 784 1350 (que
817 1308 895 1336 om.
930 1293 973 1335 A
995 1291 1058 1349 lb)
1091 1294 1134 1337 A
1155 1296 1218 1339 lb.
1252 1294 1295 1336 B
1316 1299 1380 1337 la.

58 1366 59 1371 ’
115 1364 404 1420 Exemplaria
434 1379 485 1408 ea
516 1379 623 1419 quae
654 1365 700 1407 B
720 1371 773 1408 la
805 1365 1003 1408 adhibuit
1033 1366 1192 1408 nostris
1223 1365 1435 1409 codicibus
1465 1366 1509 1409 A
1524 1372 1544 1409 1
1578 1373 1627 1410 ut

115 1423 366 1479 antiquiora
395 1424 461 1467 ita
491 1425 620 1468 etiam
660 1425 953 1468 emendatiora
992 1426 1140 1479 fuisse,
1186 1440 1237 1468 ex
1283 1430 1419 1469 aetate
1460 1431 1499 1469 et
1537 1428 1624 1480 fide

115 1483 243 1527 huius
274 1484 376 1528 libri
407 1484 548 1539 colliyi
579 1484 676 1528 licet
705 1489 828 1539 atque
858 1484 909 1527 in
942 1485 989 1528 V.
1022 1485 1212 1539 Bertulfi
1243 1485 1355 1529 idem
1386 1501 1480 1530 cum
1512 1487 1624 1530 socio

115 1543 159 1586 A
179 1545 228 1587 lb
250 1543 469 1599 colleqium
489 1545 670 1588 alterum
691 1545 735 1587 A
757 1550 822 1588 la.
848 1549 905 1587 2a
926 1545 1046 1588 haud
1072 1560 1175 1588 raro
1207 1560 1411 1600 superare
1441 1546 1621 1589 videtur.

19 1642 23 1649 .
57 1659 62 1662 ι
114 1603 176 1647 In
205 1603 453 1647 universum
484 1619 585 1648 vera
617 1604 735 1648 lectio
765 1604 815 1648 in
847 1619 1094 1659 unoquoque
1124 1606 1217 1658 fere
1241 1605 1379 1650 codice
1404 1620 1624 1650 occurrere

17 1692 23 1705 π.
74 1704 81 1717 5
105 1667 279 1720 poterat
308 1668 433 1718 atque
463 1664 512 1708 in
543 1664 781 1708 Miraculis
811 1665 1175 1709 Evoriacensibus
1213 1666 1352 1719 fontes
1392 1666 1530 1709 nostri
1560 1667 1624 1710 ita

102 1720 328 1778 deliciunt,
368 1728 415 1767 ut
453 1739 541 1768 non
581 1725 705 1768 semel
736 1726 796 1768 ad
825 1725 1111 1768 coniecturam
1142 1725 1472 1781 confuqiendum
1505 1732 1619 1770 esset.

256 1795 386 1839 Libri
416 1797 488 1839 ΙΙ.
512 1801 664 1851 partes
695 1796 891 1851 sinyulas
923 1812 1015 1840 cum
1047 1797 1259 1841 codicibus
1290 1798 1334 1840 A
1355 1803 1420 1841 la.
1445 1800 1481 1842 b.
1506 1800 1561 1842 b1.
1587 1815 1620 1843 c.

52 1868 90 1896 25
115 1859 154 1899 2.
179 1860 250 1899 2a.
281 1855 327 1898 B
347 1860 400 1899 la
431 1856 601 1910 contuli,
635 1871 728 1900 cum
759 1858 803 1899 A
826 1859 891 1900 ld.
914 1872 935 1900 e
967 1857 1143 1901 contulit
1171 1858 1240 1901 W.
1267 1859 1453 1901 Levison
1483 1859 1624 1903 socius

112 1929 241 1959 meus.
293 1915 648 1971 Discrepantiam
688 1916 911 1960 lectionum
950 1917 1218 1960 variantium
1250 1918 1427 1972 plenam
1461 1934 1482 1962 e
1514 1920 1621 1962 codi-

27 1977 49 2054 ’ἐ
113 1974 231 2019 cibus
271 1980 436 2018 tantum
465 1976 509 2018 A
530 1981 585 2019 la
616 1981 656 2019 et
683 1977 729 2019 B
748 1981 802 2019 la
839 1977 1045 2020 adnotavi
1084 1982 1208 2031 atque
1238 1978 1500 2033 reliquorum
1531 1980 1621 2032 far-

27 2050 46 2082 ‘4
113 2035 309 2090 rayinem
340 2035 449 2079 sicut
474 2036 524 2079 in
556 2036 665 2078 libro
697 2037 738 2078 Ι.
771 2036 835 2080 ita
875 2036 925 2079 in
957 2038 1034 2080 hoc
1065 2037 1271 2081 adhibitis
1311 2039 1623 2092 exemplaoibus

26 2083 55 2285 ξ
112 2094 326 2138 similibus
357 2110 552 2150 puryare
592 2096 715 2139 nisus
755 2111 860 2139 sum.
923 2097 1076 2151 Itaque
1110 2102 1284 2151 praeter
1315 2098 1476 2141 codices
1506 2099 1550 2141 A
1571 2101 1620 2143 lb

51 2167 90 2195 ιο

24 2161 30 2202 ζ
112 2158 152 2198 et
189 2155 301 2198 Alc
345 2169 449 2198 usus
493 2171 588 2198 sum
627 2156 759 2198 Alb*
801 2161 841 2199 et
878 2156 1007 2200 Alc*
1052 2155 1144 2211 (H,
1172 2157 1316 2212 1—6)
1365 2159 1424 2201 ad
1466 2161 1622 2202 menda

113 2214 297 2258 tollenda
328 2229 391 2269 ea,
425 2229 533 2269 quae
562 2215 613 2258 in
643 2215 713 2258 his
743 2230 830 2259 non
862 2218 1064 2270 redeunt;
1096 2218 1400 2261 consentientes
1424 2233 1520 2262 veio
1546 2219 1622 2262 hos

0 2308 1 2328 3
21 2283 47 2344 ᾗ
112 2273 235 2318 iuxta
265 2274 362 2318 illos
386 2274 436 2318 in
461 2280 681 2331 apparatu
705 2276 852 2319 critico
873 2276 1126 2319 nominatim
1147 2277 1323 2321 minime
1345 2278 1484 2329 citavi,
1518 2293 1621 2333 quos

32 2325 59 2354 ‘⁸'
111 2334 339 2378 subaudiri
370 2335 475 2389 licet,
508 2335 599 2378 nisi
623 2336 889 2379 contrarium
913 2338 1163 2379 adnotatum
1184 2342 1256 2380 est.
1309 2338 1623 2391 Deficientibus

25 2361 328 2521 {codicibus
355 2394 399 2437 A
419 2396 483 2438 lb.
506 2396 545 2436 b
580 2397 639 2438 ad
669 2395 811 2449 capita
848 2402 931 2438 1—
943 2402 967 2439 6
1011 2396 1115 2440 libri
1154 2397 1332 2440 alterius
1363 2400 1622 2442 recensenda

23 2472 29 2483 ι
113 2453 156 2496 A
176 2454 247 2497 lbl
281 2453 346 2498 ita
385 2454 575 2509 adhibui,
622 2459 670 2498 ut
713 2456 805 2508 fere
851 2456 997 2499 omnia
1043 2457 1353 2512 exscripserim,
1403 2463 1526 2512 atque
1571 2459 1621 2502 in

24 2526 27 2528 ·
112 2513 350 2558 Miraculis
388 2514 750 2558 Evoriacensibus
795 2516 1065 2559 recensendis
1112 2517 1292 2560 codicem
1332 2518 1375 2560 A
1404 2520 1472 2561 lb3
1518 2534 1620 2562 non-

113 2587 344 2628 numquam
369 2574 574 2629 consului,
608 2575 647 2618 si
671 2575 884 2619 codicibus
910 2577 954 2619 A
975 2578 1024 2619 lb
1046 2581 1086 2619 et
1105 2578 1149 2620 A
1169 2578 1238 2620 lb*
1262 2577 1375 2621 inter
1395 2593 1439 2621 se
1461 2579 1620 2621 dissen-

39 2647 47 2685 τ,
113 2632 312 2677 tientibus
343 2638 419 2676 aut
449 2634 551 2677 aliis
576 2634 905 2688 difficultatibus
937 2636 1084 2679 tertius
1115 2637 1278 2680 arbiter
1308 2638 1617 2704 requirebatur.

18 2716 54 2745 ·t·
112 2692 187 2735 Ad
215 2694 410 2737 lectiones
441 2695 483 2736 A
506 2699 552 2737 lc
582 2695 871 2748 percolandas
902 2701 1079 2750 praeter
1109 2697 1288 2740 codicem
1329 2698 1619 2752 imperfectum

20 2752 90 2798 ἓιο
111 2752 351 2807 A10*(H,
374 2759 458 2795 1—
470 2755 517 2809 6)
539 2754 717 2797 adhibui
737 2759 777 2797 et
795 2755 838 2798 A
856 2757 910 2799 ld
930 2755 1023 2810 (ΙΙ,
1045 2761 1166 2798 7—2
1172 2758 1219 2811 2)
1243 2762 1281 2799 et
1302 2758 1344 2799 A
1362 2764 1417 2811 le,
1441 2772 1619 2811 quorum

39 2822 44 2830 ’
111 2814 266 2856 menda
296 2813 543 2868 peculiaria
582 2813 631 2856 in
669 2814 916 2858 universum
947 2830 1035 2859 non
1066 2817 1241 2877 curavi·
1282 2792 1436 2860 codicis
1467 2818 1510 2859 A
1532 2818 1616 2860 lc**

114 2868 204 2926 (ΙΙ,
225 2877 309 2914 1-
321 2872 366 2928 6)
390 2887 614 2928 propioris
635 2873 738 2916 libri
758 2875 802 2917 A
817 2879 864 2918 lc
888 2876 1125 2930 propinqui
1146 2877 1355 2919 rationem
1375 2891 1462 2919 non
1486 2877 1620 2920 habui

112 2931 201 2974 nisi
231 2946 348 2975 raro.
396 2933 546 2975 Etiam
577 2932 765 2976 codicum
797 2934 840 2976 A
858 2938 883 2976 2
911 2939 950 2978 et
972 2936 1016 2977 A
1034 2942 1091 2978 2a
1121 2936 1454 2990 discrepantiam
1485 2937 1618 2980 lectio-

112 3004 215 3034 num
253 2992 518 3036 variantium
556 3007 644 3036 non
685 2993 843 3036 admisi
880 2994 969 3037 nisi
1009 3009 1278 3049 communem,
1321 3000 1366 3038 at
1400 2997 1619 3050 deficiente
