2008 3302
390 309 438 351 22
676 310 844 356 IONAS,
862 308 1026 345 VITAE
1052 307 1359 345 GOLUMBANI
1384 307 1530 344 LIBRI
1551 307 1605 345 H.

513 434 641 477 Haec
673 433 760 475 tibi
795 433 1019 474 dietaram
1051 431 1223 473 morbis
1256 445 1500 487 oppressus
1532 431 1719 482 acervis,

513 493 712 549 Corpore
745 505 859 547 quos
889 490 1049 546 fragili
1080 490 1234 546 patior
1264 490 1481 546 tristique
1513 493 1712 541 senecta,

511 553 631 594 Nam
664 552 774 593 dum
807 550 1052 606 praecipiti
1083 549 1309 592 labuntur
1338 552 1550 606 tempora
1581 563 1731 601 eursu,

511 611 648 653 Nune
681 611 740 653 ad
771 609 1046 666 olympiadis
1076 611 1150 652 ter
1182 622 1315 652 senos
1347 605 1500 665 (senae
1531 612 1639 652 recte
1671 608 1760 652 82.
1794 607 1840 652 Ρ
1850 607 1893 664 2)

1492 669 1701 712 venimus
1732 681 1892 712 annos.
1919 678 1938 708 ο
1991 673 2002 729 J.

512 729 679 772 Omnia
710 729 1024 785 praetereunt,
1057 728 1184 783 fugit
1214 728 1524 784 inreparabile
1554 730 1752 785 tempus,

511 789 639 839 Vive,
672 789 775 831 vale
809 788 959 831 laetus
990 787 1230 843 tristisque
1262 790 1495 831 memento
1527 790 1753 831 senectae.

398 860 503 905 Oam
534 859 742 915 olympia-s·
772 872 865 902 cum
895 857 1034 913 spatio
1064 861 1263 912 quattuor
1303 872 1518 902 annorum
1557 858 1674 913 apud
1709 857 1896 902 Graecos

391 919 623 973 conveniat,
647 918 846 975 plerique
877 931 929 960 eoe
948 917 1024 960 hoc
1045 917 1235 960 carmine
1256 918 1560 973 concluserunt,
1590 916 1896 962 Golumbanum

394 983 447 1021 72
482 993 620 1022 annos
652 983 751 1021 tunc
781 981 931 1020 natum
961 976 1097 1029 fuisse
1112 977 1139 1018 1.
1199 976 1375 1020 Constat
1404 991 1501 1020 vero
1533 992 1561 1021 a
1583 976 1723 1033 poetis
1746 976 1896 1020 latinis
1920 988 1958 1016 10

390 1053 483 1082 eam
524 1052 606 1092 pro
647 1038 778 1080 lustro
825 1036 965 1092 accipi
1009 1036 1141 1079 solere
1155 1037 1182 1090 3,
1230 1036 1339 1079 sicut
1383 1041 1606 1092 utrumque
1651 1035 1898 1092 coaequavit

388 1097 613 1140 Ausonius
647 1096 817 1150 XXII,
852 1100 891 1150 4,
927 1100 951 1138 6

509 1169 622 1211 Fors
655 1169 758 1220 erit,
791 1171 858 1218 ut,
892 1168 1093 1210 lustrum
1127 1181 1232 1210 eum
1265 1182 1312 1212 se
1346 1168 1654 1211 cumulaverit
1683 1167 1799 1219 istis,

583 1228 857 1271 Confectam
889 1227 1116 1270 Proculus
1149 1228 1303 1283 signet
1335 1227 1658 1284 olympiadem,

389 1313 514 1354 eoque
545 1300 666 1342 modo
697 1303 736 1341 et
772 1297 1078 1342 Columbanum
1100 1302 1271 1352 poetam
1302 1298 1606 1355 interpretatus
1629 1295 1706 1341 'est
1734 1297 1895 1342 Mabil-
1921 1311 1958 1338 ιο
2004 1303 2008 1349 .]

391 1358 531 1402 lonius
544 1359 573 1400 3.
637 1358 729 1401 Nec
759 1357 832 1400 ille
864 1371 1031 1400 errasse
1061 1357 1168 1400 mihi
1199 1357 1378 1409 videtur,
1421 1357 1510 1401 nisi
1540 1358 1654 1412 quod
1686 1361 1738 1400 18
1771 1357 1896 1413 olym-

381 1418 538 1472 piades
572 1418 729 1472 plenas
761 1417 906 1472 lapsas
945 1430 1033 1460 esse
1072 1417 1263 1471 credidit,
1306 1418 1406 1461 dum
1445 1418 1497 1460 de
1535 1416 1664 1460 initio
1703 1416 1896 1460 duodevi-

391 1477 568 1521 cesimae
614 1476 770 1531 ayitur,
818 1490 926 1530 quae
971 1476 1085 1519 inter
1125 1491 1166 1519 a.
1210 1481 1385 1519 86-90
1426 1476 1617 1520 vertitur.
1691 1476 1897 1521 Sanctum

389 1535 523 1592 iyitur
555 1535 786 1579 verisimile
816 1539 878 1578 est
903 1536 1035 1591 paulo
1067 1540 1166 1579 ante
1196 1551 1237 1579 a.
1273 1540 1373 1578 530.
1406 1540 1554 1579 natum
1585 1550 1685 1579 esse.

536 1607 744 1650 *Tantam
775 1606 962 1650 omnium
993 1607 1085 1659 fere
1105 1621 1250 1650 rerum
1271 1608 1405 1651 labem
1426 1607 1682 1662 ruinamque
1705 1606 1897 1651 homines
1921 1598 1959 1648 zo

390 1666 511 1710 illius
542 1666 636 1710 aevi
667 1666 971 1720 inspectabant,
994 1680 1250 1720 quocumque
1275 1667 1414 1711 oculos
1434 1667 1648 1722 verterint,
1672 1671 1720 1710 ut
1738 1666 1896 1710 mirum

391 1740 478 1769 non
508 1726 575 1780 sit,
608 1726 721 1780 quod
749 1727 879 1779 finem
909 1725 1061 1769 mundi
1091 1726 1438 1781 appropinquare
1469 1701 1696 1770 credebdnt
1706 1727 1736 1769 4.
1790 1725 1895 1770 Gon-

389 1785 519 1838 fessio
565 1789 704 1834 autem
750 1789 791 1828 et
825 1784 1096 1839 paenitentia
1144 1785 1401 1830 Columbano
1439 1786 1720 1840 praedicante
1764 1789 1896 1830 morte

391 1844 576 1888 liberant
621 1849 744 1899 atque
789 1845 854 1887 vel
892 1858 1038 1900 parva
1072 1849 1250 1899 peccata
1297 1845 1492 1899 confiteri
1537 1860 1640 1900 opus
1685 1849 1758 1889 eet.
1834 1845 1897 1889 In

2004 1368 2008 1452 i

2005 1454 2008 1468 Ι

2005 1477 2008 1489 Ι

1999 1591 2008 1707 2¹}

2002 1713 2008 1840 ἱ

397 1903 556 1948 Galliis
586 1918 763 1958 eousque
803 1918 994 1947 esoces-sus
1034 1908 1200 1947 tantum
1238 1905 1462 1960 graviores
1503 1904 1736 1960 disciplina
1776 1905 1895 1949 eccle-
1919 1895 1958 1946 ab
2000 1959 2001 1962 Ἰ

390 1963 567 2007 siastica
596 1963 939 2030 vindicabantur,
972 1963 1035 2006 ita
1070 1968 1117 2006 ut
1149 1969 1389 2018 peccatores
1429 1964 1896 2009 excommunicarentur

389 2022 587 2077 factaque
618 2022 891 2077 paenitentia
925 2023 1101 2078 publica
1131 2023 1180 2066 in
1220 2024 1551 2067 communionem
1591 2024 1893 2091 reciperentur.

389 2082 624 2125 Monachis
654 2096 751 2125 vero
782 2082 936 2149 ubique
966 2083 1030 2126 vel
1060 2082 1296 2127 minutiora
1320 2088 1496 2137 peccata
1525 2098 1617 2127 una
1653 2098 1746 2127 cum
1785 2083 1895 2138 ipsis

391 2141 714 2196 coqitationibus
744 2141 905 2185 seniori
936 2142 1072 2185 celare
1103 2157 1190 2186 non
1221 2142 1381 2197 licebat,
1412 2157 1541 2198 eaque
1562 2157 1691 2198 quam
1710 2143 1896 2187 maxime
1951 2159 1955 2195 ;

390 2202 578 2244 cavenda
618 2205 753 2255 erant,
801 2216 905 2244 nam
943 2206 991 2244 ut
1028 2201 1265 2245 maioribus
1304 2202 1509 2257 certisque
1549 2202 1688 2259 culpis
1727 2206 1895 2247 sanctos
1919 2217 1957 2243 ⁸0

389 2261 605 2303 maculare
635 2275 723 2303 non
762 2261 872 2304 valet
912 2261 1118 2315 diabolus,
1160 2261 1224 2304 ita
1263 2262 1500 2305 minoribus
1539 2262 1788 2317 occultisque
1826 2276 1895 2306 eos
1951 2267 1956 2270 ’

381 2319 572 2373 polluere
603 2321 739 2363 studet
751 2321 778 2362 ⁵.
851 2319 956 2364 Cum
992 2324 1078 2363 tota
1111 2321 1346 2364 Scottorum
1385 2321 1561 2365 ecclesia
1599 2335 1714 2366 more
1753 2335 1893 2365 coeno-

391 2377 496 2421 biali
526 2378 723 2421 instituta
755 2383 869 2433 esset,
903 2379 1030 2422 etiam
1062 2380 1242 2433 privata
1281 2381 1384 2425 haec
1424 2381 1655 2434 confitendi
1693 2381 1805 2424 ratio
1843 2380 1895 2424 in

389 2451 512 2480 usum
557 2442 721 2492 recepta
768 2442 839 2491 est,
887 2443 1010 2493 atque
1058 2438 1343 2483 Columbanus
1388 2442 1578 2494 eandem,
1624 2440 1735 2484 sicut
1778 2441 1896 2496 apud

388 2496 614 2551 mayi-stros
629 2497 645 2522 ⁶
675 2511 772 2540 suos
794 2497 1053 2540 Hibernicos
1083 2498 1246 2542 usitata
1267 2503 1371 2553 erat,
1404 2499 1454 2542 in
1482 2499 1674 2543 Galliam
1696 2499 1893 2544 Italiam·
1918 2514 1955 2541 ar>

389 2569 466 2610 que
506 2555 757 2610 introduxit,
809 2558 920 2599 unde
962 2557 1050 2610 ipse
1089 2557 1199 2600 iusto
1240 2558 1333 2601 iure
1373 2558 1496 2602 hodie
1539 2559 1759 2602 institutor
1801 2574 1892 2603 con-

390 2685 425 2728 l)
462 2683 508 2719 Ε.
543 2695 600 2728 qr.
635 2684 755 2728 Ebert,
792 2684 927 2718 ‘Gesct'u
961 2685 997 2721 d.
1030 2685 1193 2721 chrz‘stL-
1204 2686 1265 2723 lat.
1302 2687 1509 2722 Literatur’
1535 2688 1568 2731 I,
1593 2687 1680 2725 621²
1689 2699 1706 2730 ;
1746 2688 1890 2733 Hauck,

387 2731 686 2775 ‘Kirchenyeschl
712 2732 743 2774 I,
768 2743 804 2776 p.
823 2731 933 2773 5843,
930 2743 938 2751 ·
971 2733 1016 2775 cf.
1042 2744 1078 2776 p.
1097 2733 1200 2770 6003.
1309 2736 1344 2778 2)
1376 2735 1487 2770 Locos
1519 2737 1642 2770 citavit
1664 2735 1892 2771 For-collinus
1951 2780 1953 2783 Α

387 2790 415 2815 8.
441 2790 470 2815 v.
497 2780 683 2823 olympias.
756 2781 794 2824 3)
822 2780 986 2814 Annales
1011 2781 1087 2816 ord.
1115 2782 1151 2816 S.
1175 2782 1356 2816 Benedicti
1375 2783 1406 2827 I,
1426 2795 1466 2827 p.
1485 2785 1566 2820 308.
1639 2783 1677 2827 4)
1701 2783 1755 2827 Of.
1785 2782 1889 2827 Greq.

387 2827 439 2861 M.
465 2827 548 2870 Rey.
571 2827 641 2869 IX,
659 2828 730 2863 232
754 2829 805 2870 (a.
823 2829 923 2869 599),
947 2826 1060 2871 Jaffe',
1085 2827 1170 2872 Rey.
1196 2841 1231 2864 n.
1252 2829 1390 2871 17593,·
1416 2831 1628 2865 Columbam·
1649 2842 1701 2876 ep.
1727 2842 1762 2868 a.
1781 2832 1890 2876 612]ss
1914 2835 1953 2862 4⁰

387 2873 488 2917 (MG.
506 2875 575 2918 Ep,
593 2874 666 2914 ΙΙΙ,
687 2885 727 2918 p.
747 2876 855 2918 171).
879 2873 1069 2909 Mundus
1058 2886 1132 2909 lam
1151 2875 1323 2922 declinat,
1348 2877 1518 2935 princeps
1541 2881 1732 2923 pastorum
1757 2887 1890 2924 appro-

386 2921 629 3004 {imm
647 2922 784 3014 {ue
797 2922 1018 3015 23²2?
1021 2923 1155 3014 1553}-
1175 2926 1282 3008 1595⁵³
1313 2904 1388 2960 ’333
1413 2929 1443 2959 33
1468 2927 1640 2971 3333333333
1664 2926 1890 2961 3333333333
