2008 3302
440 275 608 321 IONAS,
626 275 755 312 VITA
772 277 1026 316 VEDASTIS
1051 279 1294 318 EPISCOPI.
1546 284 1616 319 301

269 397 455 444 Ultimus
485 397 632 452 editor,
665 398 930 453 Arbellot,
966 399 1270 446 ‘Dissertation
1295 418 1371 447 sur
1396 404 1433 447 le
1457 403 1542 448 lieu
1567 405 1620 447 de

115 458 344 503 naissance
374 459 424 501 de
454 457 584 501 Saint
612 432 749 501 Vaast
777 459 911 502 suivie
942 461 992 503 de
1023 461 1259 506 l'ancienne
1290 463 1354 506 vie
1385 465 1442 506 du
1472 463 1617 518 saint',

116 517 310 562 Parisiis
330 521 454 569 1886,
473 532 517 572 p.
532 522 652 560 59—
660 521 728 571 75,
750 518 970 573 utriusque
991 520 1159 573 quidem
1179 523 1439 566 recensionis
1459 523 1621 567 codices

116 577 325 632 adhibuit,
357 577 516 621 scilicet
546 577 820 620 Parisienses
850 579 982 622 Ala.
1016 585 1085 623 3.a
1111 582 1147 623 b.
1171 595 1204 623 c.
1237 581 1368 636 B2a,
1406 584 1480 626 sed
1509 583 1620 626 artis

38 663 41 665 -
73 651 95 680 ο
115 637 267 682 edendi
296 636 520 692 imperitus
549 636 651 680 utile
682 636 794 680 nihil
815 643 1043 692 praestare
1065 640 1219 694 potuit.

259 798 329 843 De
360 802 530 842 auctore
557 798 604 842 V.
638 798 835 841 Vedastis
855 812 964 853 quae
989 799 1088 842 olim
1114 805 1357 856 statueram,
1390 818 1441 846 ea
1465 818 1620 858 mayno

38 895 39 898 ,
114 863 320 903 momento
339 906 342 908 ,
359 873 447 902 esse
489 859 550 902 ad
587 858 879 912 expendendos
919 858 1125 903 historiae
1168 860 1443 906 Chlodovechi
1481 864 1622 916 fontes

109 918 256 976 primo
276 922 398 975 patet
428 922 608 973 aspectu,
651 917 854 972 multique
875 923 979 974 post
1007 934 1072 962 me
1101 926 1390 975 surrexerunt,
1431 937 1482 966 ea
1512 938 1620 977 quae

115 979 216 1023 inde
246 979 533 1023 concluseram
563 981 603 1021 et
632 977 928 1021 examinantes
967 983 1006 1022 et
1045 979 1322 1035 disputantes,
1363 981 1515 1036 quibus
1544 983 1622 1026 hoc

41 1047 93 1081 ἰο
115 1038 204 1083 loco
237 1037 398 1095 paucis
435 1038 687 1092 respondere
725 1037 863 1081 visum
903 1042 976 1081 est.
1046 1038 1326 1095 Bioyraphus
1362 1041 1620 1096 priusquam

115 1113 252 1142 meum
282 1097 414 1142 subiit
443 1111 632 1151 examen,
674 1097 787 1140 inter
822 1098 1048 1153 scriptores
1087 1100 1247 1143 saeculi
1289 1101 1366 1144 VI.
1409 1101 1619 1157 insiynem

116 1158 252 1203 locum
294 1157 419 1201 iuxta
468 1157 724 1212 Greyorium
775 1158 1062 1201 Turonensem
1109 1165 1403 1215 occupaverat,
1450 1161 1619 1216 eiusque

51 1267 54 1271 ‚
115 1217 366 1263 auctoritate
394 1216 466 1260 usi
495 1221 597 1261 sunt
634 1221 673 1260 et
705 1232 901 1272 puynam
932 1218 1269 1262 Alamannicam
1299 1226 1553 1264 enarrantes
1583 1226 1623 1264 et

117 1277 371 1334 baptismum
394 1276 687 1332 Chlodovechi‚
704 1291 826 1332 quem
841 1277 990 1321 Remis
1009 1279 1171 1331 factum
1189 1293 1277 1322 esse
1293 1285 1467 1336 praeter
1480 1280 1620 1335 ipsum

46 1351 93 1380 Ἰιιι
117 1337 411 1394 Fredeyarius
441 1337 671 1391 rettulerat,
704 1337 778 1392 qui
810 1337 925 1380 testis
955 1342 1054 1382 tunc
1084 1339 1213 1382 multo
1243 1340 1452 1383 recentior
1481 1340 1621 1383 existi-

46 1450 47 1454 ,
115 1399 327 1442 mabatwr.
404 1397 638 1452 Postquam
677 1401 816 1440 autem
855 1397 945 1452 ipse
983 1399 1033 1441 de
1073 1412 1154 1452 quo
1194 1399 1341 1454 ayitur
1386 1404 1533 1443 auctor
1571 1400 1621 1443 in

116 1472 266 1502 aevum
310 1457 490 1501 dimidio
536 1457 703 1500 saeculo
741 1457 956 1512 posterius
999 1458 1155 1502 studiis
1200 1459 1304 1501 meis
1343 1460 1503 1502 relatus
1548 1465 1619 1513 est,

47 1568 49 1570 ,
115 1531 289 1573 cumque
318 1531 413 1561 eum
443 1532 464 1561 e
492 1517 699 1572 Greqorio
722 1518 909 1572 pendere
938 1517 1029 1560 iam
1054 1522 1220 1572 constet,
1253 1532 1373 1573 quem
1396 1533 1480 1574 pro
1504 1520 1622 1572 fonte

115 1576 302 1622 ciusdem
339 1576 580 1621 habendum
619 1591 707 1620 esse
746 1577 949 1620 Albertus
978 1578 1137 1621 Hauch
1151 1579 1166 1604 1
1199 1578 1298 1621 olim
1338 1580 1621 1634 contenderat,

47 1651 94 1679 so
117 1636 409 1682 auctoritatem
455 1635 546 1681 eius
591 1636 782 1681 deminui
828 1636 918 1692 ipse
957 1638 1182 1681 Funchius
1196 1639 1212 1664 ²
1252 1639 1454 1682 concessit
1498 1644 1623 1693 atque

51 1733 54 1735 Α
115 1697 277 1742 saeculi
297 1697 595 1753 praecedentis
615 1696 840 1740 historiam
865 1698 925 1740 ad
943 1697 1170 1752 scriptores
1195 1698 1460 1752 antiquiores
1483 1699 1623 1754 maqis

116 1769 246 1812 quam
284 1758 345 1801 ad
381 1757 494 1800 hunc
523 1757 801 1812 posteriorem
842 1757 1161 1801 describendam
1199 1772 1286 1801 esse
1316 1757 1423 1801 mihi
1453 1758 1622 1813 quidem

46 1823 49 1828 “
118 1821 444 1861 consentaneum
473 1816 643 1860 videtur
672 1831 773 1860 esse.
828 1818 976 1872 Neque
1004 1831 1113 1871 quae
1143 1819 1194 1861 de
1225 1818 1403 1861 Vedaste
1434 1818 1622 1873 episcopo

43 1927 47 1938 ..
116 1875 311 1920 instituto
341 1878 471 1932 deque
501 1878 626 1920 rebus
650 1877 1002 1920 Atrebatensibus
1032 1877 1143 1920 idem
1174 1877 1368 1931 tradidit,
1401 1892 1451 1921 ea
1482 1878 1623 1932 maqis

28 1950 93 1999 ³3²⁵
118 1936 235 1980 credi
265 1941 459 1992 possunt,
500 1941 688 1991 recteque
718 1938 779 1981 ad
806 1937 1044 1992 episcopum
1075 1939 1285 1991 quendam
1316 1942 1539 1991 vaqantem
1570 1952 1622 1981 ea

32 2001 54 2062 ξ)
118 1997 327 2040 rettulisse
356 1996 464 2040 mihi
494 1996 662 2040 videtur
692 1997 749 2040 A.
776 1998 976 2040 Hauch.
948 1998 964 2023 3
1039 1996 1269 2040 Eiusmodi
1305 1997 1486 2051 episcopi
1518 2012 1622 2040 num

118 2060 218 2100 ante
255 2056 563 2101 Columbanum
594 2057 834 2112 Scottosque
865 2061 988 2111 atque
1018 2061 1223 2111 reqnante
1261 2055 1541 2100 Chlodovecho
1571 2057 1622 2100 in

37 2105 59 2194 ἐζ
124 2115 287 2160 Galliis
316 2116 614 2160 inveniuntur.
609 2116 630 2147 9
691 2118 848 2160 Nonne
885 2117 1022 2159 Ionas
1067 2116 1264 2159 instituta
1309 2116 1403 2159 aevi
1448 2117 1518 2160 sui
1563 2118 1623 2160 ad

42 2187 54 2227 g
128 2176 326 2221 Vedastis
355 2177 548 2230 referens
578 2191 624 2219 eo
654 2176 747 2231 ipso
784 2177 900 2230 facto
936 2177 1064 2230 fidem
1094 2176 1178 2219 sibi
1208 2175 1427 2219 detraxit?
1488 2176 1622 2219 Mitto

38 2239 96 2291 ξιιο
118 2236 213 2280 ursi
233 2236 539 2280 habitationem
559 2236 608 2279 in
629 2238 732 2280 urbe
752 2240 963 2291 repertam
988 2251 1064 2279 nec
1084 2250 1196 2290 iepei
1198 2240 1294 2278 tam
1315 2235 1620 2279 habitationem

39 2272 61 2356 ‘3
118 2296 317 2351 hominis,
349 2296 427 2340 etsi
458 2311 626 2340 caecum
665 2301 704 2339 et
743 2297 940 2340 claudum
970 2295 1188 2350 episcopus
1216 2294 1308 2338 intr
1310 2311 1338 2338 a
1373 2310 1518 2339 muros
1548 2297 1620 2339 ad-

41 2343 67 2507 ἱ
118 2355 260 2400 iturus
299 2356 440 2400 obvios
477 2356 676 2400 habuisse
715 2356 875 2400 dicitur
914 2355 1165 2398 alimoniam
1203 2355 1480 2421 postulantes.
1551 2355 1620 2398 De

118 2430 220 2460 urso
249 2416 324 2460 illo
355 2430 496 2459 nonne
527 2420 676 2460 auctor
705 2418 850 2459 eadem
873 2415 953 2459 iter
954 2415 1054 2469 avit,
1083 2429 1191 2469 quae
1211 2414 1260 2456 in
1291 2415 1340 2457 V.
1369 2415 1622 2458 Columbani

120 2476 161 2530 I,
185 2480 225 2531 8,
258 2475 500 2543 scripserat,
533 2476 787 2519 Atrebatum
825 2476 971 2519 urbem
1001 2475 1091 2518 iam
1122 2475 1208 2517 loco
1240 2474 1397 2529 Vosayi
1419 2475 1622 2529 ponens?

121 2535 258 2591 Atque
288 2535 516 2580 cerevisiae
545 2536 812 2590 miraculum,
854 2537 965 2590 quod
1003 2536 1053 2577 de
1084 2534 1349 2577 Alamannis
1386 2534 1436 2577 in
1476 2536 1620 2578 eadem

125 2595 378 2640 Columbani
403 2595 503 2639 Vita
525 2596 565 2650 I,
590 2600 658 2650 27,
687 2600 834 2639 auctor
854 2598 1148 2647 enarraverat,
1175 2608 1315 2636 nonne
1338 2593 1447 2636 idem
1466 2594 1621 2637 iterum

65 2690 70 2705 .,
119 2657 180 2699 ad
216 2656 438 2700 Vedastem
482 2656 760 2709 Francosque
805 2654 998 2698 rettulit?
1066 2653 1284 2708 Exiquam
1329 2653 1621 2697 auctoritatem

49 2613 68 2651 ζ

45 2508 161 2631 {³³

51 2661 69 2687 f

51 2696 86 2860 ἐ
130 2715 178 2760 V.
211 2715 408 2760 Vedastis
448 2715 639 2770 equidem
679 2715 858 2758 attribui
896 2728 971 2757 nec
1009 2714 1150 2767 falsus
1189 2727 1276 2755 esse
1315 2713 1422 2755 mihi
1460 2712 1617 2756 videor

56 2851 176 2954 ἐξ»)
178 2857 322 2900 Hauok,
347 2857 635 2900 ‘Kirchenyesch
661 2855 936 2890 Deutschlands’
954 2855 985 2898 I,
1007 2866 1047 2898 p.
1067 2855 1135 2891 109
1160 2855 1229 2897 (ed.
1249 2856 1341 2898 pr.).
1435 2855 1472 2899 2)
1493 2854 1621 2889 ‘Theo-

64 2965 86 3028 ᾗ

122 2856 157 2902 1)
121 2905 269 2989 hoff
303 2904 615 2989 ngrtalschrift’,
647 2903 831 2947 Tubinqae
858 2904 961 2946 1895,
991 2914 1032 2946 p,
1059 2904 1127 2939 351
1145 2913 1195 2946 3q,
1311 2902 1348 2947 3)
1382 2902 1515 2936 Hauck
1542 2902 1564 2938 l·
1591 2912 1619 2937 ο.

121 2963 155 2997 p.
266 2978 278 2997 ,
303 2964 342 2987 n.
384 2980 392 2989 .
