2008 3302
356 411 382 438 5.
428 393 586 448 *Epist
621 389 907 449 plerumque]
928 393 1250 448 plerorumque
1266 392 1311 435 Β
1324 396 1384 435 10.
1402 390 1453 435 e‘.
1470 392 1529 434 e**
1548 406 1641 435 cum
1656 391 1700 434 A
1714 391 1774 435 10.
1791 391 1842 435 0*.
1859 392 1913 446 d,·

407 275 477 310 108
694 271 862 315 IONA&
880 270 1043 307 VITAE
1068 269 1376 306 COLUMBANI
1400 269 1546 306 LIBRI
1569 270 1622 307 11.

495 453 551 495 ib.
621 449 750 507 quae]
786 453 865 507 qui
894 451 1019 494 Β10.
1052 452 1106 494 0*.
1140 452 1199 494 0**
1233 466 1326 495 cum
1356 452 1401 494 A
1424 456 1482 494 lc.
1515 451 1566 494 0⁸.
1599 451 1652 505 d,-

495 511 552 554 ib.
622 508 877 568 exuberari]
912 525 1129 568 superare
1151 511 1197 554 Β
1216 516 1276 554 10.
1303 512 1355 554 ε’.
1381 511 1440 554 e**
1471 525 1564 554 cum
1589 510 1632 553 A
1653 514 1712 554 10.
1739 510 1776 554 c‘
1803 507 1912 562 (non
1972 540 1979 545 .-

693 571 737 612 A
758 570 850 626 id),-

497 630 553 673 ib.
622 628 832 686 scribere]
853 631 1030 686 aliquid
1047 631 1246 674 scribere
1263 629 1307 672 Β
1322 634 1381 672 10.
1399 630 1450 673 0*.
1467 629 1527 672 0**
1546 643 1640 672 cum
1655 629 1700 672 A
1713 633 1773 673 10.
1791 626 1843 672 c‘.
1860 629 1913 684 d‚·
1936 644 1956 672 ο
1983 654 1987 678 ;

496 690 553 733 ib.
623 691 786 734 molles
827 693 1069 733 castaneae
1113 689 1262 746 poma]
1304 700 1442 746 poma
1482 689 1736 744 mollesque
1767 691 1910 732 casta.-
1983 699 1986 701 ’

693 748 838 805 ne(a)e
869 749 915 792 Β
934 754 992 792 10.
1026 746 1078 792 e*.
1111 748 1164 792 e**
1197 763 1291 793 cum
1320 749 1364 792 A
1387 754 1447 792 lc.
1479 745 1530 792 c*.
1563 749 1604 791 d.
1986 750 1993 801 L

407 809 662 853 Laterculus
703 809 909 864 capitum,
953 823 1072 863 quem
1114 809 1270 852 habent
1299 808 1344 851 Β
1364 813 1424 852 10.
1457 807 1531 862 0**,
1573 811 1634 851 est
1677 806 1829 851 classis
1867 806 1913 850 B
1980 803 1997 855 ,ξ

407 883 629 923 omnesque
650 884 743 913 cuni
764 870 908 912 eadem
924 870 1054 921 finem
1073 869 1196 912 0.’17.
1219 868 1323 912 libri
1335 867 1504 922 prioris
1515 866 1911 922 praetermiserunt,
1980 860 1991 902 ²1

407 929 471 972 ita
500 932 547 971 ut
572 929 792 986 >exemplar
811 930 1023 982 quoddam
1043 928 1088 970 Β
1112 929 1172 971 ad
1194 928 1375 971 alterurn
1399 928 1443 969 A
1466 931 1513 970 lc
1543 926 1614 970 bic
1643 925 1734 969 illic
1757 939 1913 970 correc—
1940 942 1975 971 ιο

406 993 495 1032 tuni
521 1002 608 1031 esse
638 987 846 1042 videatur,
880 989 980 1030 dum
1004 987 1269 1030 contrariam
1291 986 1579 1030 condicionem
1598 985 1644 1029 A
1664 982 1763 1030 lom
1787 985 1912 1029 subit.

551 1059 596 1101 Β
622 1056 702 1115 101)
766 1057 905 1102 Codex
954 1058 1206 1102 monasterii
1259 1059 1304 1101 S.
1359 1057 1556 1101 Crucis
1606 1057 1656 1100 in
1705 1056 1915 1110 inferiore

408 1118 593 1161 Austria
615 1132 752 1173 prope
779 1118 936 1161 Baden
967 1117 1042 1161 siti
1072 1133 1115 1161 n.
1144 1122 1210 1172 14,
1243 1132 1351 1161 saec.
1381 1116 1500 1171 XII,
1533 1116 1728 1160 ultimum
1757 1115 1916 1160 scilicet

409 1179 601 1221 volum-en
642 1177 881 1232 leqendarii
919 1177 1041 1220 illius
1080 1177 1229 1232 mayni
1259 1176 1496 1231 Austriaci,
1540 1175 1661 1220 cuius
1698 1175 1838 1230 primo
1877 1179 1917 1219 et

408 1238 590 1281 secundo
622 1237 749 1281 etiam
779 1237 957 1280 alterius
988 1237 1090 1281 libri
1113 1241 1263 1291 partes
1291 1236 1485 1291 sinyulae
1507 1235 1669 1290 insunt,
1695 1249 1754 1278 ‘ex
1783 1235 1915 1278 altero
1940 1250 1976 1278 ιο

409 1297 643 1351 eoeemplari
673 1298 939 1352 depromptae
971 1296 1031 1350 (v.
1057 1311 1191 1351 supra
1215 1297 1259 1339 A
1281 1297 1407 1352 lb42),
1439 1296 1516 1349 fol.
1539 1294 1724 1338 3—11‘.
1747 1293 1916 1350 prioris

409 1356 513 1400 libri
553 1361 709 1411 textum
738 1356 784 1399 Β
823 1356 999 1411 exhibet,
1042 1370 1134 1400 cum
1172 1356 1278 1409 sinis
1318 1370 1352 1399 c.
1384 1359 1452 1398 17.
1493 1354 1752 1398 desideretur
1791 1357 1915 1408 atque

411 1418 716 1460 conventione
750 1415 829 1470 (=
859 1415 906 1458 Β
925 1421 992 1459 la.
1025 1430 1059 1459 0.
1092 1416 1146 1458 0*.
1180 1415 1229 1469 2)
1261 1415 1312 1458 in
1342 1414 1523 1469 epistula
1552 1415 1730 1469 leyatur.
1793 1413 1916 1457 Haec

409 1476 579 1530 quidem
611 1480 710 1530 post
750 1475 1072 1529 inscriptionem
1103 1476 1315 1519 Dominis
1346 1474 1498 1517 mutila
1527 1489 1556 1517 a
1586 1473 1749 1517 verbis:
1789 1473 1915 1517 Ante
1984 1471 1990 1525 -ζ

412 1538 499 1578 hoc
530 1536 676 1578 ferme
707 1536 960 1578 triennium
992 1534 1156 1589 incipit,
1198 1548 1327 1588 quam
1364 1547 1511 1577 versus
1541 1534 1601 1576 ad
1629 1546 1820 1576 mensam
1843 1546 1916 1580 ca·
1938 1531 1991 1587 2⁰3*-

411 1594 543 1638 nendi
573 1596 883 1649 subsequuntur
896 1594 922 1649 1,
964 1594 1013 1637 in
1044 1594 1156 1638 calce
1187 1593 1289 1652 libri
1325 1593 1488 1647 prioris
1518 1592 1633 1636 editi.
1695 1591 1917 1636 Lectiones
1970 1639 1992 1655 Α

410 1669 506 1698 cum
545 1654 589 1696 A
609 1659 668 1698 10.
697 1652 733 1697 c*
775 1654 1063 1698 convenientes
1103 1655 1270 1697 eaedem
1314 1653 1363 1696 in
1409 1653 1485 1696 hoc
1524 1652 1634 1695 libro
1676 1655 1914 1705 occurrunt,
1986 1665 1990 1677 ³

411 1728 520 1768 quas
559 1728 695 1770 supra
735 1728 786 1756 ecc
815 1713 861 1756 Β
881 1719 939 1756 10.
967 1714 1017 1757 e*.
1045 1714 1104 1756 e**
1138 1713 1345 1767 eoescripsi
1378 1710 1432 1765 (e.
1463 1726 1530 1767 qr.
1557 1712 1641 1766 Ep.
1668 1711 1916 1768 plerorum-
1986 1734 1987 1737 =

412 1788 515 1829 que,
550 1774 727 1829 aliquid
759 1775 971 1826 scribere,
1004 1788 1142 1830 poma
1173 1774 1426 1828 mollesque
1459 1768 1731 1826 castaneae),
1762 1770 1841 1814 etsi
1870 1770 1917 1813 hi
1980 1822 1983 1823 ⁷

410 1833 516 1876 libri
541 1833 679 1876 adhuc
705 1833 845 1876 artius
868 1833 982 1876 inter
1006 1847 1050 1876 se
1075 1832 1289 1876 coniuncti
1312 1836 1413 1875 sunt
1438 1830 1493 1885 (e.
1518 1845 1584 1886 qr.
1606 1831 1691 1885 Ep.
1716 1829 1916 1884 ruribus]
1941 1833 1993 1878 „g

413 1897 521 1935 recte
551 1892 597 1934 Β
617 1893 709 1947 le¹;
739 1894 932 1936 rudibus
963 1892 1009 1935 Β
1029 1897 1088 1935 10.
1116 1892 1170 1935 e*.
1198 1892 1296 1947 e**).
1991 1886 1993 1891 ’

558 1951 756 2006 Inspexit
786 1952 838 1995 P.
865 1952 1085 1995 Iohannes
1119 1951 1281 2006 Urban,
1316 1952 1468 2005 doctor,
1510 1949 1579 1993 vir
1619 1947 1917 1993 reverendissi-
1983 1955 1997 2006 ’ς

413 2026 507 2054 nius
539 2011 861 2055 Sancrucensis.
1983 2010 1988 2015 '

558 2080 708 2139 Ble‘2)
763 2083 902 2126 Codex
948 2082 1316 2126 Monacensis
1366 2096 1410 2124 n.
1447 2084 1589 2124 12642
1643 2079 1918 2134 (Ranshofen

414 2157 457 2185 n.
482 2144 570 2197 42),
603 2157 712 2187 saec.
743 2143 880 2196 XIV,
920 2143 994 2196 fol.
1022 2146 1271 2196 213—227,
1315 2141 1362 2184 V.
1404 2140 1657 2185 Columbani
1686 2139 1843 2184 librum
1873 2139 1915 2182 I.
1942 2153 1979 2181 ω

412 2202 599 2246 continet
640 2200 846 2256 (praescr.
859 2218 873 2245 .·
913 2204 1089 2259 Incipit
1130 2203 1348 2259 prologus
1386 2202 1502 2244 Ione
1541 2201 1591 2243 in
1631 2200 1729 2243 vita.
1768 2200 1919 2242 sancti

416 2263 690 2305 Columbani
738 2259 934 2318 abbatis)
969 2263 1283 2305 Waldewerto
1316 2263 1364 2304 et
1395 2261 1634 2304 Boloneno
1664 2258 1918 2313 inscriptum

412 2336 504 2364 una
550 2336 644 2364 cum
690 2323 902 2376 laterculo,
950 2323 1025 2364 sed
1069 2323 1224 2376 absque
1263 2319 1674 2375 znuescriptionibus
1719 2317 1916 2372 capitum,

413 2385 629 2434 textusque
659 2381 787 2423 initio
819 2386 936 2424 caret
965 2381 1075 2424 sicut
1103 2381 1152 2423 in
1183 2381 1228 2423 Β
1249 2380 1319 2423 la*
1355 2377 1460 2430 (inc.
1490 2379 1529 2433 I,
1563 2382 1604 2421 2.
1663 2379 1816 2421 Natus
1847 2381 1918 2421 est

415 2437 553 2495 ergo).
623 2439 706 2493 Qui
738 2455 831 2483 cum
862 2440 1032 2493 passini
1063 2454 1156 2483 cuni
1187 2440 1320 2483 classe
1349 2439 1395 2481 Β
1426 2437 1629 2491 convenit,
1665 2442 1753 2480 tum
1782 2436 1918 2480 mani·
1942 2450 1978 2478 ω

414 2499 550 2552 festas
589 2499 794 2542 librorum
834 2499 879 2542 Β
903 2505 950 2542 10
991 2499 1185 2542 lectiones
1225 2498 1406 2552 confert,
1448 2499 1523 2541 sed
1561 2497 1760 2540 exhibens
1795 2496 1830 2539 I
1828 2529 1840 2550 ,
1875 2499 1917 2539 4.

416 2559 697 2605 Vicesimum
738 2573 870 2612 neque
900 2559 1199 2602 Tricesimum
1239 2559 1480 2611 addensque
1511 2558 1641 2610 finem
1673 2556 1713 2610 I,
1750 2560 1818 2599 17.
1861 2555 1921 2599 ad

414 2618 596 2661 alterum
637 2619 861 2672 exemplar,
910 2617 1068 2661 scilicet
1106 2618 1149 2661 A
1175 2623 1233 2672 lc,
1275 2616 1414 2671 niaqis
1454 2630 1582 2671 quam
1620 2616 1919 2670 praecedentes

415 2677 631 2720 inclinare
662 2677 841 2721 videtur.

418 2794 454 2840 l)
480 2795 600 2838 Neque
623 2805 746 2829 versus
769 2805 878 2839 neque
902 2798 1008 2838 caput
1034 2796 1053 2830 1
1081 2793 1336 2838 (Rutilantem
1361 2797 1394 2828 et
1417 2805 1450 2838 q.
1475 2795 1523 2835 ε.)
1547 2795 1588 2827 in
1621 2792 1733 2827 altero
1764 2791 1919 2826 ciusdem
1942 2786 2003 2853 40}

416 2843 616 2886 leyendari'i
650 2843 849 2886 eoeemplari
873 2842 920 2876 M
923 2842 1013 2876 elli
1020 2843 1153 2876 censi
1177 2842 1226 2877 M.
1245 2843 1281 2883 8,
1320 2842 1417 2875 alias
1442 2843 1524 2885 678,
1559 2841 1659 2875 alias
1679 2839 1722 2874 H
1738 2841 1796 2883 56,
1828 2848 1917 2874 eaeo.

415 2890 504 2933 XV,
540 2890 603 2932 fol.
633 2891 857 2932 196-—211¹‚
891 2891 1035 2933 adsunt,
1069 2891 1128 2923 cui
1159 2892 1304 2924 tertium
1338 2889 1524 2934 exemplar
1548 2888 1678 2922 accedit
1709 2887 1922 2921 monasterii

414 2938 453 2971 Z
459 2938 727 2972 wettlensis
749 2949 785 2974 n.
802 2939 859 2981 15,
880 2948 967 2974 saec.
989 2937 1097 2973 XIII.
1126 2937 1181 2980 Cf.
1201 2938 1375 2972 Analecta
1394 2936 1643 2971 Bollcmdiana
1659 2934 1788 2979 XVII,
1805 2944 1845 2978 p.
1860 2935 1917 2970 91.

2006 3074 2008 3094 Ι
