2008 3302
422 273 770 320 10NAS,V1TAE
796 273 1104 312 OOLUMBANI
1129 273 1274 310 LIBRI
1301 273 1352 311 11.
1595 276 1643 311 45

137 398 328 445 admissa
359 397 546 452 posteris
585 398 774 452 exempla
813 396 1018 441 imitandi
1052 397 1172 451 facta
1202 400 1312 440 sunt.
1377 397 1529 449 Locus,
1570 395 1644 439 ubi

67 463 69 465 ’
137 457 441 503 monasterium
480 456 609 500 situm
648 461 754 511 erat,
795 459 856 501 aol
893 458 1044 511 fiscum
1075 456 1240 512 reyium
1270 460 1464 511 spectans
1504 455 1644 500 concli-

2 509 18 525 '
137 517 300 563 toribus
319 515 520 572 laryitate
540 516 778 572 Daqoberti
798 516 913 572 reqis
937 530 1157 560 concessus
1187 523 1291 570 erat,
1324 515 1399 570 qui
1430 515 1644 560 conditum

137 591 190 623 w
217 577 358 621 eodem
387 577 492 630 fisco
515 576 682 631 partim
714 577 945 631 dotaverat,
987 590 1082 620 cum
1113 575 1206 620 alia
1236 576 1356 629 fratr
1356 590 1400 619 es
1429 590 1520 619 una
1551 589 1644 619 oum

7 650 11 651 ⁷
59 675 66 683 .,
97 654 117 683 ι
131 641 259 695 patre
279 635 564 681 contulissent.
612 635 895 690 Monasterio,
918 635 1066 691 quod
1048 650 1099 679 in
1118 635 1319 679 honorem
1340 635 1474 689 Petri,
1498 634 1643 687 Pauli,

50 719 55 725 ·
138 695 323 742 Antonii
362 699 645 739 constructum
676 695 822 750 primo
862 695 1100 739 Ierusalem
1138 695 1446 750 appellabatur,
1487 694 1646 750 Ayilus

138 757 271 802 abbas
294 759 513 812 praeerat,
549 755 624 810 qui
653 755 886 799 monachus
916 754 1205 799 Luxoviensis
1233 754 1488 798 Eustasium
1519 768 1646 820 quon-

138 817 240 861 dam
267 815 320 859 in
338 814 602 859 Baioariam
631 815 852 859 comitatus
882 819 977 859 erat
989 815 1017 857 ¹.
1070 815 1242 870 Royatu
1266 814 1532 858 conditorum
1554 813 1646 868 pri-

9 932 11 934 ·
51 920 53 923 ,
138 875 366 931 vileyium²
389 874 668 930 plenissimae
689 874 911 929 libertatis,
943 874 1104 918 scilicet
1128 879 1168 918 et
1195 874 1482 918 immunitatis
1512 878 1552 917 et
1581 887 1646 916 eoc-

0 939 22 982 .’.
48 942 117 981 '‘10
139 934 363 991 emptionis
382 948 435 979 ex
453 933 750 979 iurisdictione
770 934 1035 989 dioecesana,
1058 948 1135 978 rex
1154 933 1413 978 monasterio
1434 948 1474 977 a.
1494 931 1644 986 635s6,

139 995 209 1040 die
238 999 275 1038 1.
298 994 489 1039 Octobris
513 995 726 1050 concessit,
753 996 865 1049 quod
883 996 944 1038 acl
962 994 1185 1050 episcopos,
1210 995 1347 1048 duces,
1377 993 1647 1047 Chanulfum

139 1054 328 1100 comitem
348 1054 613 1098 Meldensem
634 1055 781 1098 datum
800 1054 932 1098 Dado
956 1055 1047 1109 ipse
1067 1054 1228 1098 obtulit.
1282 1053 1489 1109 Sinyulas
1509 1057 1648 1096 autem

139 1129 247 1170 quas
275 1114 509 1169 monachis,
540 1118 589 1157 ut
617 1113 753 1169 quiete
782 1113 846 1158 ibi
876 1114 1062 1158 residere
1083 1118 1269 1169 possent,
1303 1113 1500 1157 attribuit
1530 1113 1647 1156 liber-

139 1179 247 1219 tates
275 1174 341 1218 ita
365 1173 542 1229 plenius
571 1173 807 1228 descripsit,

140 1294 283 1338 tollere
313 1293 456 1338 liceret
485 1307 618 1348 neque
642 1297 889 1348 potestatem
919 1295 1139 1348 quandam
1168 1293 1219 1336 in
1249 1308 1295 1336 eo
1327 1306 1518 1336 exercere

286 1352 328 1408 2)
368 1366 501 1408 neque
539 1353 651 1396 illud
688 1353 857 1396 intrare
887 1353 978 1396 nisi
1008 1353 1221 1396 voluntate
1252 1352 1419 1396 abbatis
1451 1356 1527 1395 aut
1557 1366 1648 1395 con-

137 1413 415 1470 yreyationis,

30 1507 53 1526 ‚„
285 1469 328 1530 3)
367 1476 416 1516 ut
444 1473 593 1516 abbate
632 1472 842 1527 defuncto,
884 1487 1005 1527 quem
1045 1486 1097 1515 ex
1126 1476 1252 1515 semet
1290 1471 1400 1526 ipsis
1430 1471 1526 1526 ipsa
1558 1486 1649 1515 eon-

83 1550 119 1578 so
139 1531 332 1590 yreyatio
361 1532 559 1588 eleyisset,
591 1547 686 1576 eum
716 1532 801 1576 sibi
831 1532 1039 1576 seniorem
1069 1531 1321 1586 institueret,

46 1603 47 1606 ’
286 1589 330 1649 4)
370 1596 418 1635 ut
446 1607 500 1635 ne
529 1591 743 1636 iudicibus
772 1591 942 1647 quidem
973 1606 1043 1636 res
1072 1606 1283 1647 usurpare
1315 1591 1457 1635 liceret
1487 1595 1564 1634 aut
1594 1593 1653 1634 acl

23 1694 31 1704 ,,
143 1653 418 1697 exercendam
441 1656 687 1707 potestatem
717 1651 997 1696 iudiciariam
1021 1651 1326 1695 monasterium
1351 1651 1652 1706 possessiones-

8 1711 12 1735 ²
75 1762 82 1766 K
143 1727 222 1769 que
257 1712 443 1756 eiusdem
482 1712 665 1767 inyreoli,
707 1714 783 1756 secl
821 1712 937 1756 omni
976 1712 1246 1755 immunitate
1285 1712 1397 1755 illucl
1435 1726 1528 1755 eum
1561 1725 1651 1754 con-

31 1827 34 1830 <
78 1779 82 1781 ’
114 1785 124 1789 Χ
139 1771 386 1828 yreyatione
416 1786 498 1815 sua
527 1772 760 1825 frueretur.

85 1848 122 1876 ω
288 1832 385 1876 Ηοο
415 1831 646 1886 privileyio
677 1836 764 1875 tota
794 1831 1037 1875 iurisdictio
1067 1831 1319 1875 dioecesana
1349 1831 1540 1886 episcopo
1572 1831 1652 1874 loci

19 1891 40 1902 ’“
145 1896 308 1936 extorta
338 1896 400 1935 est
428 1905 560 1946 neque
590 1891 818 1946 quicquam
848 1892 888 1935 ei
919 1891 1140 1945 remansit,
1172 1906 1225 1934 ne
1245 1905 1455 1934 summum
1485 1890 1652 1945 quidem

145 1952 215 1996 ius
243 1951 499 1995 instituendi
514 1952 531 1977 ³
562 1951 729 1995 abbatis
759 1951 889 1995 libere
920 1951 1036 1995 electi
1045 1966 1062 2006 ,·
1097 1956 1346 2006 potestatem
1387 1955 1526 1994 autem
1567 1964 1651 1993 non

19 2010 39 2031 *
145 2013 280 2056 solum
309 2012 582 2065 saecularem,
622 2013 698 2055 secl
727 2011 856 2055 etiam
892 2011 1218 2055 ecclesiasticam
1249 2025 1325 2054 rem
1356 2010 1532 2053 removit
1562 2010 1655 2052 iure

19 2060 43 2131 J
146 2071 254 2126 fisci,
288 2072 412 2123 dum,
445 2070 597 2125 inquit,
631 2086 768 2128 super
792 2075 953 2115 nostra,
978 2074 1049 2114 est
1074 2072 1294 2127 largitate
1321 2073 1652 2114 constructum.

17 2127 55 2200 ξ
89 2147 124 2174 ω
145 2131 263 2175 Erat
291 2131 426 2186 iyitur
454 2131 759 2174 monasterium
800 2131 977 2186 regium,
1019 2131 1069 2173 cle
1109 2144 1189 2184 quo
1229 2129 1483 2184 disponendi
1521 2129 1655 2182 facul-

14 2193 49 2479 ξ
147 2195 273 2235 tatem
311 2190 396 2234 sibi
434 2190 515 2233 soli
554 2190 799 2233 reservavit.
873 2191 1106 2234 Verebatur
1145 2195 1284 2233 autem
1324 2189 1424 2244 ipse,
1467 2204 1520 2233 ne
1559 2188 1656 2243 quis

149 2251 407 2294 detrahendo
447 2250 702 2304 aestimaret,
750 2265 844 2293 eum
885 2249 947 2293 ‘in
986 2249 1036 2293 id
1073 2264 1184 2293 nova
1225 2249 1480 2303 decrevisse’,
1522 2262 1657 2303 quare

149 2311 380 2364 affirmare
425 2309 662 2363 festinabat
706 2311 757 2352 cle
803 2309 1013 2353 canonica
1058 2309 1310 2354 auctoritate
1359 2309 1473 2352 nihil
1520 2308 1656 2351 immi-

148 2374 298 2414 nutum
337 2384 436 2424 esse,
478 2370 668 2424 exempla
706 2369 883 2424 insuper
913 2369 1101 2422 afferens
1138 2369 1401 2413 monasteria
1431 2369 1657 2412 Acaunen-

27 2478 38 2497 ‹-
91 2446 126 2473 ar›
149 2430 273 2484 sium,
306 2429 623 2484 Lerinensium,
651 2429 997 2484 Luxoviensium,
1032 2430 1077 2473 S.
1100 2429 1306 2473 Marcelli
1333 2428 1655 2481 Gabiltouensis,

153 2571 188 2616 1)
204 2572 244 2608 V.
260 2571 412 2607 columb.
427 2571 481 2614 II,
491 2573 526 2608 8.
575 2572 614 2616 2)
630 2571 701 2608 Ed.
712 2571 831 2615 Pei-tz,
842 2572 944 2616 Dipl.
954 2571 986 2615 I,
998 2583 1036 2617 p.
1049 2573 1105 2608 16.
1155 2572 1192 2616 3)
1212 2571 1446 2606 Contrarium
1459 2571 1657 2614 opinionem

150 2621 264 2654 tuitus
297 2623 348 2654 est
379 2621 444 2664 qm·
475 2620 515 2654 in
543 2619 612 2653 has
639 2630 698 2654 res
722 2630 764 2654 ea
788 2630 862 2664 qua
884 2619 987 2654 callet
1011 2621 1211 2663 sayacitate
1234 2620 1420 2664 inqm’sim't
1451 2618 1659 2652 Theodorus

151 2667 194 2702 dc
218 2667 343 2711 Siclcel,
369 2667 550 2711 ‘Beitraqo
573 2678 645 2702 zur
668 2667 906 2712 Diplomatilc'
928 2667 990 2702 IV
1011 2671 1031 2711 (
1029 2668 1113 2704 ‘SR
1138 2667 1204 2702 der
1221 2668 1331 2722 phil·
1337 2667 1421 2704 hist.
1448 2666 1570 2701 Classe
1594 2666 1660 2700 der

26 2738 31 2773 s
159 2715 301 2750 Wiener
323 2715 458 2751 Alcaei!
481 2715 642 2759 XLVII,
671 2717 776 2759 1864,
804 2727 845 2760 p.
869 2717 939 2752 571
957 2726 1020 2760 sqq
1022 2717 1063 2760 .)‚
1096 2716 1197 2750 verbo
1230 2714 1399 2750 instituat
1432 2713 1559 2757 (Pertz
1584 2713 1607 2749 l.
1635 2714 1657 2748 l.

19 2754 52 2913 ᾗ
93 2769 130 2795 ⁴⁰
147 2762 1662 2856 fmimmsslxtiwwswwfflwammam

153 2858 474 2894 contradicentibus
492 2858 706 2903 privileqiis.
741 2858 924 2894 Institutis
939 2860 1035 2894 enim
1051 2858 1251 2894 Scottorum
1271 2868 1343 2892 non
1361 2868 1439 2892 eam
1454 2866 1564 2901 Quam
1583 2867 1661 2901 par

154 2910 204 2941 cst
227 2908 476 2941 auctoritatem
508 2907 709 2941 vindicasse
738 2906 890 2950 videtur,
922 2907 1018 2941 unde
1049 2907 1246 2941 libertatem
1278 2905 1534 2940 monachorum
1566 2906 1662 2938 iusto

155 2956 328 2989 minorem
352 2955 465 2998 fuisse
488 2954 650 2998 credidit,
671 2958 795 3000 postea
819 2955 959 2999 quidem
979 2965 1050 2999 per
1072 2955 1251 2999 episcopos
1275 2954 1470 2989 coercitam.

6 1238 7 1242 ’
46 1299 47 1302 ¹
81 1251 116 1279 ιε
267 1231 330 1290 ⁸1)
374 1238 423 1277 ut
466 1233 654 1288 episcopo
700 1234 811 1277 nulli
856 1234 1082 1289 quiequam
1133 1235 1184 1277 cle
1229 1235 1354 1277 rebus
1399 1232 1690 1276 monasterii·
