2008 3302
420 321 468 356 54
706 314 1054 361 10NAS‚V1TA1‹}
1080 312 1388 350 COLUMBANI
1413 311 1558 349 LIBRI
1581 311 1634 350 ΙΙ.

421 439 551 483 voluit
565 440 592 480 ¹.
656 436 885 492 Iynoravit
921 435 1057 490 iyitur
1089 434 1293 488 Siqiberti
1332 433 1493 478 dicioni
1524 433 1776 477 Austrasios
1813 433 1923 477 solos

421 498 607 542 subditos
645 496 780 549 fuisse
819 499 1090 548 sanctumque
1129 494 1179 536 in
1220 494 1432 548 Vosayum
1468 492 1687 536 advenisse
1717 492 1834 536 circa
1869 496 1920 536 15

421 557 553 601 annis
585 560 684 610 post
720 559 893 598 mortem
933 554 1072 608 reyis,·
1118 558 1217 596 tunc
1257 557 1396 596 autem
1433 552 1780 595 Gunthramnum
1809 551 1924 595 Bur·

418 616 682 671 gaudianum
703 629 880 669 reynum
896 613 1077 656 tenuisse
1097 613 1224 666 idque
1246 611 1514 656 Childeberto
1535 613 1700 655 demum
1720 615 1924 666 reynante

421 674 748 718 Austrasiorum
784 687 914 728 re9n0
945 672 1168 715 accessisse
1197 671 1241 714 vi
1272 671 1393 726 pacti
1423 670 1750 714 Andelavensis.
1819 669 1924 715 Oum
1948 687 1967 714 5

421 735 471 778 de
494 733 698 800 Siyiberti
718 747 816 776 nece
836 737 875 775 et
902 732 1130 776 Cliildeber
1131 731 1165 774 ti
1187 730 1447 785 primordiis
1472 734 1668 774 accurate
1693 729 1925 774 instructus

422 798 536 847 esset,
579 793 667 836 nisi
704 793 849 846 fallor,
891 806 912 834 e
950 791 1151 845 Greyorii
1191 790 1308 833 Hist.
1341 791 1421 833 Fr.
1455 790 1543 843 IV,
1578 794 1648 832 50.
1691 794 1761 832 51.
1802 789 1851 844 V,
1887 794 1923 844 1,

424 853 603 896 codicem
633 866 754 906 quem
784 851 933 895 habuit
960 850 1150 904 suspicor
1174 850 1506 904 haudquaquam
1535 849 1748 903 inteyrum
1777 849 1923 904 fuisse,

423 914 497 956 sed
526 926 599 955 seoe
630 916 795 954 tantum
818 910 990 965 priores
1020 910 1246 952 Historiae
1277 910 1356 952 Fr.
1391 908 1520 951 libros
1551 908 1820 962 continuisse,
1851 908 1927 964 qui

424 973 557 1015 classe
586 971 631 1014 B
662 970 942 1014 continentur.
1004 970 1078 1012 Ea
1108 983 1216 1023 quae
1247 970 1298 1012 de
1329 968 1448 1011 bellis
1477 982 1622 1023 reyum
1653 969 1928 1012 Francorum
1952 983 1987 1011 ιο

424 1029 914 1084 a.610——613.9estis
945 1043 1079 1072 enarr
1079 1028 1169 1071 avit
1198 1028 1247 1071 in
1271 1028 1518 1071 universum
1543 1042 1636 1071 cum
1661 1027 1928 1095 Fredeyario

424 1090 689 1143 conveniunt,
731 1089 805 1143 qui
846 1103 1072 1132 consensus
1102 1088 1151 1131 in
1181 1088 1262 1131 hac
1301 1087 1485 1140 fontium
1517 1087 1708 1142 penuria
1747 1086 1928 1130 maximi

423 1149 621 1192 momenti
652 1153 737 1203 est:
775 1148 848 1191 ubi
879 1153 1018 1191 autem
1049 1148 1333 1202 discrepant2,
1375 1147 1437 1190 ibi
1476 1148 1604 1200 fidem
1635 1146 1928 1190 chronieorum

425 1209 761 1263 anteponendam
793 1223 880 1251 esse
911 1222 1055 1251 censeo
1086 1208 1380 1263 liayioyrapho
1412 1207 1580 1249 Italico.

570 1268 708 1312 Situm
748 1269 932 1311 locorum
971 1267 1260 1321 multipliciter
1291 1266 1574 1310 determinare
1613 1266 1772 1309 solebat
1799 1278 1929 1320 eaque
1954 1270 1988 1309 15

425 1342 532 1382 quae
577 1328 667 1382 ipse
713 1327 872 1370 viserat
916 1327 1066 1381 optime
1112 1326 1346 1380 descripsit.
1420 1325 1707 1369 Victoriacum
1724 1326 1739 1352 1
1783 1325 1930 1368 villam

418 1387 638 1453 publicam
682 1387 732 1445 in
776 1387 1019 1429 suburbano
1055 1385 1350 1429 Atrebatensis
1389 1385 1509 1428 urbis
1547 1385 1675 1428 sitam
1716 1399 1804 1428 8338
1842 1399 1930 1428 non

425 1446 653 1501 iynoravit,
695 1446 846 1500 quippe
886 1445 961 1500 qui
999 1446 1119 1489 haud
1149 1446 1302 1499 procul
1342 1446 1396 1488 ab
1436 1459 1487 1487 ea
1526 1445 1644 1498 apud
1680 1445 1930 1487 Amandum

427 1511 526 1549 tunc
562 1510 902 1559 commoraretur,
943 1505 1130 1559 situsque
1161 1504 1457 1547 Vesontionis3
1494 1504 1616 1547 urbis
1654 1508 1815 1547 natura
1844 1504 1930 1571 for-

429 1565 524 1608 titer
554 1565 743 1607 munitus
783 1565 822 1607 87
861 1564 1108 1607 notissimus
1147 1568 1251 1607 erat.
1315 1565 1517 1606 Attamen
1555 1577 1700 1606 errore
1738 1563 1830 1616 fere
1865 1562 1930 1606 in—
1954 1571 1991 1606 ιο

429 1625 662 1668 8778773αό7ῑ7
694 1625 886 1667 Iotrense
916 1623 1219 1667 monasterium
1252 1623 1382 1666 ‘intra
1407 1623 1486 1665 Ior
1488 1623 1565 1666 ani
1595 1623 1773 1666 saltus'4
1802 1622 1931 1666 sitwm

430 1699 517 1727 esse
563 1698 610 1727 87·
611 1684 754 1737 edidit,
803 1684 897 1727 licet
941 1683 1031 1737 ipse
1076 1684 1195 1726 haud
1231 1683 1384 1737 procul
1424 1684 1477 1725 ab
1518 1697 1564 1725 eo
1594 1682 1646 1725 in
1675 1681 1932 1726 monasterio

429 1743 713 1786 Evoriacensi
744 1747 1012 1786 conversatus
1042 1747 1157 1796 esset,
1199 1748 1239 1785 et
1266 1742 1571 1785 monasterium
1605 1741 1932 1785 Sollemniaoum
1990 1790 1994 1794 ⁴

432 1803 573 1859 ‘super
592 1803 774 1855 fluvium
807 1803 1114 1846 Vincennam'5
1133 1802 1291 1856 posuit,
1324 1804 1436 1855 quod
1453 1816 1500 1844 78
1520 1815 1622 1845 vera
1642 1801 1736 1844 rivo
1756 1802 1932 1845 eundem

429 1862 638 1914 influente
668 1862 858 1916 alluitur,
892 1862 965 1916 qui
995 1862 1190 1905 Briance
1220 1862 1470 1915 appellatur.
1957 1867 1993 1904 ns

575 1922 806 1964 Praeterea
846 1923 896 1964 de
936 1926 1071 1964 aetate
1112 1922 1251 1964 sancti
1291 1921 1359 1964 sui
1400 1921 1658 1975 bioyraphus
1697 1924 1779 1964 toto
1820 1921 1932 1964 caelo

430 1981 602 2025 erravit.
674 1981 865 2024 Credidit
895 1981 1008 2024 enim
1046 1981 1351 2024 Columbanum
1381 1980 1624 2023 vicesimum
1656 1977 1934 2032 (tricesimum

430 2042 473 2083 A
497 2046 536 2083 4.
583 2041 650 2095 B)
703 2040 855 2084 aetatis
906 2055 1070 2083 annum
1120 2045 1310 2095 ayentem
1323 2041 1339 2066 ⁶
1389 2040 1439 2083 in
1491 2040 1664 2084 Gallias
1712 2038 1934 2083 advenisse

429 2101 662 2154 iterumque
691 2100 886 2143 vicesimo
918 2115 1033 2143 anno
1053 2100 1246 2142 Luxovio
1278 2100 1537 2154 abscessisse,
1569 2099 1634 2142 ita
1663 2103 1710 2142 ut
1733 2098 1850 2142 eirea
1874 2102 1930 2141 45

430 2174 569 2203 annos
599 2164 728 2202 natus
759 2159 869 2202 diem
899 2174 1140 2213 supremum
1171 2159 1350 2213 obiisset,
1384 2174 1516 2213 neque
1545 2159 1719 2202 lectione
1749 2158 1934 2202 aliorum
1957 2175 1994 2202 ιο

431 2219 618 2262 codicum
657 2221 818 2262 medela
857 2219 1092 2273 adhibetur,
1141 2233 1233 2262 cum
1279 2223 1453 2262 sanctu-s
1494 2233 1538 2262 se
1577 2218 1716 2273 ipsum
1757 2233 1798 2262 a.
1831 2221 1931 2262 603.

430 2279 543 2321 inter
581 2283 800 2321 veteranos
838 2293 1036 2333 senesque
1075 2278 1364 2322 numeraverit
1378 2279 1392 2304 ⁷
1431 2292 1604 2332 eumque
1639 2279 1700 2321 ad
1726 2291 1933 2320 summam

430 2342 677 2380 senectutem
715 2338 959 2392 pervenisse
1005 2352 1056 2380 878
1102 2338 1293 2381 carmine
1338 2339 1398 2380 ad
1435 2339 1482 2380 F
1478 2337 1657 2380 idolium
1696 2337 1932 2392 colliyatur.

431 2397 572 2439 Falsa
601 2397 681 2439 illa
721 2397 920 2450 opinione
958 2398 1149 2451 deceptus
1178 2397 1411 2452 imaginem
1441 2397 1672 2440 delineavit
1701 2412 1729 2440 a
1759 2395 1935 2440 veritate

432 2457 535 2498 adeo
567 2455 803 2508 distantem,
845 2461 892 2498 ut
920 2456 970 2498 in
1001 2457 1289 2499 restauranda
1319 2456 1492 2499 ecclesia
1522 2455 1729 2500 Bobiensi
1742 2457 1759 2482 ⁸
1795 2457 1935 2499 trabes
1958 2472 1993 2500 ιι

432 2515 627 2558 immensi
655 2515 861 2568 ponderis
892 2530 985 2558 cum
1017 2517 1176 2558 duobus
1206 2517 1269 2558 vel
1300 2515 1436 2558 tribus
1466 2515 1594 2558 sociis
1625 2515 1813 2558 humeris
1842 2514 1933 2558 suis

423 2579 619 2629 portasse
650 2574 765 2617 credi
796 2574 975 2617 voluerit
1004 2589 1144 2617 senem
1174 2575 1442 2629 decrepitum.

576 2633 708 2688 Inpi
689 2648 791 2676 imis
822 2638 959 2676 autem
996 2634 1045 2677 id
1074 2634 1212 2677 Ionae
1249 2634 1350 2676 vitio
1391 2635 1581 2678 dandum
1621 2638 1692 2688 est,
1734 2635 1846 2688 quod
1883 2648 1934 2677 ea

432 2707 540 2748 quae
571 2707 658 2736 non
688 2697 795 2736 recte
825 2693 1006 2736 sensisse
1027 2698 1266 2749 patronum
1290 2708 1414 2736 suum
1439 2693 1621 2737 credidit
1644 2698 1720 2736 aut
1749 2707 1858 2748 quae
1883 2693 1933 2736 de

308 2768 409 2802 ‘2⁸⁴-
431 2752 639 2796 institutis
663 2752 754 2796 eius
774 2752 948 2795 interim
967 2752 1192 2796 immutata
1213 2757 1340 2796 erant
1359 2753 1504 2796 omnia
1525 2753 1712 2796 consulto
1734 2753 1934 2808 praeter-
1956 2771 1994 2801 ω

435 2881 470 2975 13
493 2881 534 2917 V.
561 2881 715 2917 caumb.
741 2881 774 2923 I,
794 2883 848 2918 18.
923 2882 959 2926 2)
990 2881 1047 2917 ιιι.
1074 2882 1105 2925 1,
1126 2883 1181 2917 24.
1208 2884 1266 2918 29.
1340 2883 1378 2925 3)
1407 2882 1466 2918 Ib.
1493 2883 1524 2926 I,
1541 2884 1599 2918 20.
1674 2883 1712 2926 4)
1741 2882 1800 2918 Ib.
1826 2882 1858 2926 I,
1876 2883 1933 2918 26.

432 2931 464 3020 Ξ
482 2929 554 3012 3107.
580 2929 634 2972 II,
653 2931 708 2965 10.
792 2929 828 2975 6)
855 2929 913 2965 Ib.
938 2929 972 2972 I,
991 2930 1025 2965 4.
1113 2931 1148 2973 7)
1175 2929 1261 2965 Ma.
1288 2929 1358 2974 Ep.
1384 2930 1462 2972 III,
1483 2931 1575 2966 162..
1645 2929 1682 2976 s)
1709 2929 1750 2966 V.
1778 2930 1932 2965 columb.
