2008 3302
393 271 563 318 IONAS,
582 273 744 310 VITAE
770 271 1077 311 GOLUMBANI
1101 274 1247 311 LIBRI
1271 274 1324 312 II.
1566 278 1613 313 47

22 446 27 448 ,
107 397 197 442 iam
223 395 477 449 Marculfus
507 396 698 451 episcopo
729 396 976 441 dioecesano
1005 397 1250 452 reservavit,
1283 411 1406 441 eraso
1437 399 1525 441 loco
1556 399 1616 441 ad

0 494 3 501 .
48 479 50 481 ·
75 458 78 462 ’
106 455 412 502 intitutionem
449 455 692 510 pertinente
705 457 732 511 1,
779 471 883 500 nam
929 457 1120 500 abbatem
1159 472 1188 500 a
1218 457 1337 501 nullo
1367 457 1614 513 promoveri

0 521 2 529 ’
53 517 58 523 ’
106 515 236 562 voluit
264 514 353 559 nisi
383 516 438 558 ab
469 515 660 570 epich
673 517 702 558 ².

7 602 12 634 3
44 577 52 584 ‘
247 574 457 620 Instituta
481 575 746 620 coenobialia
768 577 1004 620 Scottorum
1025 591 1054 619 a
1075 575 1299 631 discipulis
1323 577 1612 621 sectatoribus-

3 652 14 680 ι*
40 652 88 692 χι
102 650 182 692 que
217 635 472 681 Columbani
503 650 586 690 per
616 639 724 679 totas
760 635 933 679 Gallias
961 636 1218 690 pervulyata
1248 641 1361 691 sunt,
1401 638 1612 692 matrique

3 699 14 712 ‘
38 724 46 750 ς
102 694 364 742 Luxoviensi
409 695 531 749 filiae
577 709 801 739 surrexere
846 695 938 748 fere
983 694 1247 750 innumerae,
1294 696 1344 739 in
1389 711 1498 751 quas
1542 697 1612 741 ius

102 755 368 802 coercitionis
383 755 634 809 competebat
648 755 793 798 abbati
808 754 1072 798 Luxoviensi
1081 756 1109 797 ³.
1148 755 1402 799 Potentinus
1417 757 1612 800 Luoeovio

0 846 6 852 -
39 842 52 847 -
101 815 376 861 discedentem
421 815 675 870 mayistrum
721 814 953 868 comitatus,
1001 815 1050 858 in
1095 814 1267 870 reqione
1303 816 1609 871 Armoricana,

22 910 26 912 v
100 875 259 920 scilicet
302 874 352 918 in
398 874 577 919 dioecesi
630 873 971 929 Constantiensi,
1022 875 1329 918 monasterium
1377 876 1569 920 condidit
1578 877 1608 919 4.

38 975 43 980 ,,
106 935 335 991 Oomplma
379 934 430 978 in
475 933 655 979 dioecesi
700 934 971 978 Bituricensi
1016 935 1077 977 ad
1119 934 1373 979 Columbani
1418 937 1611 991 reyulam

0 1024 3 1050 3
57 1048 61 1051 ι
98 994 360 1040 mna-steria
385 998 626 1039 constructa
646 999 758 1049 sunt,
791 994 950 1038 scilicet
971 1010 1000 1038 a
1019 994 1268 1038 Berthoara
1287 995 1455 1048 femina
1475 996 1611 1039 nobili

18 1072 21 1074 ·
55 1107 57 1109 ,
97 1055 324 1100 mdierum
353 1069 488 1099 unum
511 1054 562 1098 in
588 1055 692 1098 urbe
722 1054 832 1109 ipsa,
865 1069 894 1098 a
921 1054 1162 1108 Theudulfo
1183 1060 1452 1109 cognomento
1471 1055 1609 1100 Babe·

98 1115 192 1159 leno
221 1114 412 1158 virorum
443 1116 527 1158 duo
557 1114 608 1157 in
637 1114 785 1158 insula
816 1113 1116 1158 Milmandrae
1146 1114 1276 1167 fluvii
1315 1119 1355 1158 et
1390 1115 1610 1160 Gaudiaci

0 1189 14 1223 ’ς
97 1174 346 1230 tertiumque
365 1174 592 1218 mulierum
613 1174 701 1218 loco
721 1174 796 1228 qui
824 1173 1108 1218 Carantomus
1137 1178 1313 1217 vocatur
1342 1177 1403 1219 ad
1431 1176 1608 1219 eundem

96 1234 279 1288 fluvium
328 1234 422 1278 sito.
500 1234 641 1289 Prope
689 1235 836 1278 urbem
883 1234 1192 1277 Nivernensem
1243 1234 1357 1278 idem
1407 1239 1607 1289 quartum

3 1340 8 1349 ,
96 1293 254 1339 adiecit
290 1293 390 1338 item
427 1293 654 1337 mulierum
667 1294 695 1336 ⁵.
758 1293 891 1336 Mitto
933 1294 1263 1348 Sadalberyam,
1304 1294 1446 1347 filiam
1489 1295 1606 1338 Gun-

6 1387 27 1407 ·..
97 1353 235 1408 doeni,
274 1368 404 1408 quam
444 1368 612 1397 caecam
652 1353 885 1396 Eustasius
923 1353 973 1396 in
1012 1353 1118 1396 villa
1158 1354 1291 1396 Mosa
1330 1359 1563 1397 sanaverat
1575 1356 1603 1409 ⁶,

4 1418 49 1460 ξ’
96 1413 405 1458 Romaricum⁵
455 1428 477 1456 e
526 1413 808 1456 nobilioribus
863 1412 1142 1456 Theudeberti
1201 1413 1316 1468 reyis
1374 1413 1602 1468 ministris,

6 1488 26 1507 ³
96 1472 280 1518 anticum
309 1473 491 1526 Arnulfc'
526 1473 710 1527 episcopi
739 1472 967 1516 Mettensis
982 1473 1008 1526 ⁷,
1050 1486 1144 1516 cum
1175 1473 1344 1526 Amato,
1376 1473 1574 1528 Eliyium
1587 1475 1604 1500 ⁵

89 1537 237 1588 postea
266 1533 644 1577 Viromandensem
676 1532 913 1587 episcopum
952 1531 1217 1587 reliquosque
1246 1534 1603 1576 monasteriorum

30 1615 35 1620 ·
96 1592 332 1637 conditores
360 1592 468 1636 ritui
493 1592 672 1637 Scottico
696 1592 900 1646 addictos,
933 1606 1112 1646 quorum
1142 1592 1255 1636 vitas
1285 1597 1362 1636 aut
1391 1593 1604 1636 edidimus

95 1657 172 1696 aut
198 1652 358 1696 edituri
386 1667 544 1696 sumus.

9 1733 12 1737 ·
80 1769 83 1770 ⁷
237 1712 424 1756 Interim
462 1712 661 1756 instituta
700 1712 792 1766 illa,
834 1711 985 1767 qualia
1029 1711 1316 1755 Columbanus
1355 1712 1600 1767 reliquerat,

10 1775 15 1779 ’
49 1774 68 1781 ”
94 1773 238 1817 eadem
276 1772 453 1816 minime
489 1776 835 1827 permanserant,
881 1772 1120 1825 reformata
1166 1786 1260 1815 cum
1305 1772 1602 1827 supputatione

19 1828 43 1862 Ῐ’
85 1832 287 1888 paschali
332 1837 422 1876 tum
467 1833 629 1887 reyula.
693 1832 841 1875 Multa
881 1831 995 1875 enim
1040 1831 1090 1874 in
1130 1832 1211 1875 hac
1250 1833 1602 1888 reprehendenda

39 1904 41 1906 ·
93 1906 180 1936 esse
218 1892 314 1936 visa
353 1896 454 1936 sunt
491 1906 585 1936 cum
615 1891 815 1947 Agrestio
856 1896 944 1935 tum
983 1891 1099 1946 aliis,
1138 1892 1343 1946 inprimis
1373 1892 1512 1935 nimia
1542 1907 1600 1936 se-

26 1955 42 2002 }
92 1951 250 1996 veritas
278 1953 343 1996 vel
372 1952 422 1996 in
452 1953 577 1995 rebus
599 1951 794 1995 minimis
824 1951 1144 2006 constitutioque
1165 1966 1330 2007 parum
1362 1952 1598 2004 definitiva.

19 2031 41 2071 ,g
93 2011 446 2056 Percussionibus
477 2011 612 2066 duris,
657 2011 808 2066 quibus
839 2015 1018 2066 peccata
1049 2011 1159 2054 levia
1199 2012 1263 2054 vel
1296 2012 1439 2066 potius
1479 2012 1600 2054 nulla

21 2071 41 2111 ‘2'
93 2071 274 2116 coerceri
311 2072 503 2115 voluerat
539 2071 836 2126 Columbanus,
877 2071 1077 2114 monachi
1115 2071 1389 2114 monasteriis
1427 2072 1599 2127 expelle-

19 2117 71 2184 {a
93 2132 261 2186 bantur,
294 2131 659 2186 caerimoniasque
678 2106 923 2186 superfluas
938 2131 1208 2185 puerilesque
1233 2131 1488 2174 constituens
1507 2131 1599 2184 fere

19 2184 45 2218 Ὗ
91 2166 261 2235 derisui
285 2192 519 2235 habebatur
547 2191 764 2246 mayister.
827 2191 874 2233 E
901 2190 1119 2234 contrario
1159 2191 1209 2233 de
1238 2191 1496 2234 monasterio
1527 2191 1599 2234 ad-

18 2286 23 2298 ,
91 2250 380 2294 ministrando
410 2255 534 2305 atque
565 2251 616 2294 de
646 2250 913 2305 disponenda
943 2250 1033 2293 vita
1072 2250 1306 2294 coenobiali
1337 2265 1484 2304 pauca
1523 2255 1599 2293 aut

18 2300 46 2384 ξ
91 2311 214 2354 nulla
252 2310 303 2354 in
341 2310 482 2366 ipsius
521 2311 670 2365 reyula
710 2310 892 2364 definita
931 2314 1069 2353 erant.
1131 2310 1255 2353 Haec
1285 2310 1432 2353 omnia
1462 2310 1597 2354 Bene-

18 2386 50 2425 1¹5.
92 2370 229 2414 dictus
268 2370 420 2425 optime
460 2370 749 2424 ordinaverat,
797 2369 918 2413 cuius
957 2370 1107 2425 reyula
1138 2374 1366 2424 praeterea
1406 2370 1597 2413 humana

24 2429 68 2486 b
90 2430 377 2474 moderatione
416 2429 626 2474 eminebat
637 2431 666 2471 ⁸.
740 2430 861 2473 Sicut
899 2429 948 2472 in
993 2443 1117 2472 usum
1162 2429 1381 2485 virginum
1427 2434 1597 2474 auctore

31 2492 54 2506 '¹
90 2489 265 2534 Donato
294 2490 484 2545 episcopo
524 2489 845 2534 Vesontionensi
885 2503 937 2533 ex
965 2489 1126 2544 reyulis
1164 2489 1427 2544 Columbani,
1460 2490 1596 2533 Bene-

91 2548 205 2604 dicti,
234 2549 433 2594 ansarii
453 2549 725 2594 enchiridion
746 2554 1003 2604 compactum
1024 2553 1096 2604 est,
1128 2549 1193 2593 ita
1217 2549 1345 2593 etiam
1376 2549 1596 2593 monachis

32 2608 41 2617 '
97 2608 350 2654 Columbani
379 2609 578 2654 instituta
608 2609 838 2653 dilatanda
867 2613 1004 2662 er,ant
1037 2614 1256 2664 assumpta
1286 2610 1436 2664 reyula
1459 2610 1595 2652 Bene-

92 2715 128 2759 1)
161 2714 396 2760 Prindeyium
429 2716 570 2759 reyium
595 2716 695 2760 apud
719 2715 950 2757 Marculfum
973 2715 1006 2759 I,
1025 2716 1059 2752 2.
1182 2714 1219 2760 2)
1253 2714 1489 2758 Privileyium
1522 2715 1595 2758 epi-

22 2759 69 2830 ⁸9
94 2763 222 2807 ‘mm‘
250 2763 296 2799 ‘⁷⁵‘
322 2763 355 2806 I’
374 2764 417 2800 ¹
495 2763 1489 2854 3)15⁰{3⁶⁰“}1”551²0kffi⁴⁸{“⁸‘²39032‘3-''aeff15252w5225
1513 2762 1595 2844 33²2

25 2832 49 2907 ’ξ
90 2810 332 2893 magici
358 2810 597 2893 &moneri
640 2859 704 2893 der
744 2858 916 2902 Klostffl,
942 2822 1098 2894 dss'sm
1141 2859 1250 2893 Bm.
1293 2857 1432 2903 (1893),
1470 2869 1508 2902 p.
1536 2858 1592 2893 18.

35 2905 516 2951 ·4)V.00hamb.1,21.
624 2906 760 2950 5)Ib.
785 2907 914 2949 II‚10.
1022 2906 1058 2952 6)
1093 2906 1151 2942 Ib
1177 2906 1282 2949 ΙῙ,8.
1394 2904 1430 2951 7)
1468 2905 1590 2953 OfiK

34 2953 241 2997 munifi
265 2964 293 2990 c.
312 2956 344 2991 6.
441 2955 480 2999 8)
509 2954 567 2997 Cf.
594 2954 759 2998 Rettbery
782 2955 805 2990 l.
833 2955 856 2990 l.
879 2965 918 2998 p.
935 2955 1006 2990 678
1017 2965 1092 2998 sqq.
