2008 3302
406 228 758 291 10NAS,V1'1·AE
783 244 1092 282 COLUMBANI
1115 245 1262 283 LIBRI
1285 245 1339 284 Π.
1558 248 1629 284 105

0 367 1 370 ’
20 377 98 414 2oe
90 370 247 422 atque
269 364 344 420 qui
367 364 430 409 ibi
451 365 754 410 desiderantur
774 367 1003 412 laterculus
1023 368 1210 423 capitum
1233 369 1495 423 hymnusque
1519 369 1629 412 alter

19 458 31 475 ,,
87 433 117 491 j
122 424 194 472 h’c
216 426 385 468 adsunt.
432 425 534 469 Etsi
555 425 663 470 liber
681 428 859 470 eandem
879 427 1008 480 fidem
1029 432 1154 482 atque
1171 429 1371 482 yemellus
1392 443 1481 472 non
1500 442 1628 472 mere-

67 526 91 542 „
93 464 205 553 tur,
227 483 296 528 hic
315 484 406 528 illie
427 499 515 529 non
535 485 629 529 sine
649 484 824 530 licentia
843 486 1092 530 immutatus
1104 488 1131 541 ¹,
1155 492 1296 531 tamen
1315 487 1510 531 ultimum
1531 489 1628 532 alte-

31 566 34 587 :
83 580 86 588 .
122 557 216 597 suos
246 544 455 588 carminis
493 559 568 589 ver
567 559 661 588 sum
701 547 816 589 solus
851 545 1025 600 exhibet,
1066 546 1141 601 qui
1180 547 1234 590 ab
1273 544 1486 591 omnibus
1524 562 1628 602 quos
1654 557 1669 574 ⁸

27 637 31 648 .
104 643 107 645 .
119 602 214 654 vidi
243 603 457 648 codicibus
476 605 521 647 A
552 606 680 648 abest.
732 604 968 649 Librarius
998 619 1108 649 saec.
1134 606 1223 649 XI.
1256 607 1436 650 alterum
1467 621 1628 662 quoque

115 662 259 715 lonae
289 662 445 707 librum
475 678 522 708 eo
552 664 704 708 ordine
734 678 816 719 quo
845 664 896 708 in
919 663 965 707 Β
986 669 1040 708 la
1071 665 1309 709 continetur
1338 666 1510 710 addidit
1537 681 1628 710 una

120 737 216 769 sum
243 722 434 767 versibus
463 725 514 767 de
543 723 777 778 Bobuleno,
818 723 883 768 ita
918 728 966 767 ut
995 725 1123 768 codex
1152 725 1244 768 iam
1274 727 1419 769 eadem
1451 741 1628 781 eompre-

20 805 23 822 1
78 791 79 794 ’
120 781 280 833 Bendat
297 796 349 827 ac
369 783 645 838 praecedens,
678 798 730 827 ex
749 798 831 838 quo
853 797 965 838 pars
982 784 1198 839 posterior
1212 786 1399 839 pendere
1419 785 1626 839 videtur&

71 893 77 900 .
121 841 282 898 aliique
312 842 406 886 alia
436 842 545 886 libro
575 843 812 887 intulerunt
841 845 892 887 de
929 842 1189 888 Columbano
1219 844 1404 899 scripta:

70 906 78 916 '
262 901 339 956 fol.
362 906 564 946 64—70.
606 903 656 947 V.
689 903 879 947 Athalae
911 902 1003 958 (II,
1029 909 1114 947 1—
1126 905 1189 960 6,)

263 961 338 1016 fol.
363 962 578 1006 70—-78‘,
621 963 670 1007 V.
703 962 894 1016 Bertulfi
926 960 1018 1017 (II,
1043 967 1169 1006 23——
1182 962 1272 1019 25),

263 1021 340 1075 fol.
366 1026 488 1065 79-
502 1026 574 1065 88.
616 1023 665 1066 V.
697 1022 901 1066 Eustasii
932 1021 1026 1078 (II,
1051 1025 1234 1080 7—10),

263 1081 886 1135 fol.88—101‘.Miracula
925 1082 1240 1127 Evoriaeensia
1279 1080 1372 1139 (II,
1408 1083 1627 1138 11—22),

105 1180 117 1198 ἦ
118 1167 147 1194 ,ς
262 1140 623 1194 fol.102—103.
666 1142 824 1186 Versus
854 1143 905 1186 de
934 1142 1168 1186 Bobuleno.

21 1207 22 1210 ’
86 1200 368 1256 θεραπηίην
416 1201 630 1246 miracula
682 1202 935 1252 Columbani
979 1217 1034 1246 m.
1079 1217 1113 1246 s.
1159 1203 1242 1245 XI
1244 1200 1263 1257 s
1268 1202 1386 1246 XII
1435 1207 1627 1256 exarata,

28 1286 34 1298 v
120 1271 299 1317 fluorum
327 1260 461 1316 prior
490 1275 603 1316 pars
643 1259 740 1316 (fol.
772 1261 1076 1318 loss—107¹)
1119 1263 1179 1306 ad
1208 1276 1242 1306 c.
1272 1266 1312 1304 7.
1343 1277 1399 1305 m.
1431 1277 1465 1305 s.
1492 1262 1627 1305 XIV.

82 1367 85 1369 ,
122 1317 330 1376 (praescr.
363 1321 606 1378 Incipiunt
646 1322 855 1378 capitula
894 1322 1004 1365 libri
1044 1323 1237 1365 secundi
1277 1323 1334 1365 de
1374 1323 1629 1365 virtutibus

25 1388 28 1396 '
79 1383 82 1386 ’
121 1381 175 1427 οὺ
209 1380 445 1425 miraculis
485 1382 636 1424 sanchi
668 1381 946 1424 Columbani
978 1405 1036 1411 —-
1067 1406 1140 1423 —.
1195 1382 1373 1438 Incipit
1409 1382 1629 1438 praefaci-

24 1458 28 1488 ἕ
83 1466 86 1467 ⁷
121 1439 294 1485 nucula
341 1441 399 1484 de
443 1441 698 1484 virtutibus
746 1442 897 1484 sancti
938 1440 1229 1493 Columbani,
1270 1440 1355 1484 inc.
1399 1441 1630 1494 Quoniam

26 1507 36 1553 J
71 1510 78 1513 “
120 1501 255 1557 gesta
275 1502 324 1544 et
343 1497 598 1557 miracula),
630 1499 738 1554 finis
761 1497 855 1554 (fol.
880 1501 989 1556 206)
1014 1516 1042 1544 a
1063 1500 1201 1544 verbis
1233 1515 1266 1544 c.
1290 1504 1362 1543 26.
1385 1501 1630 1558 paululum

26 1614 29 1619 Ι
118 1573 261 1616 aque
290 1574 344 1604 m.
378 1574 412 1610 s
447 1560 554 1604 XV.
588 1560 780 1615 sumleta
826 1564 937 1614 sunt,
991 1560 1185 1604 clausula
1236 1560 1476 1614 subscripta
1527 1560 1631 1604 hac:

39 1620 42 1625 ’
75 1640 77 1648 ’
121 1618 327 1679 Explicit
356 1621 604 1664 translatio
636 1620 838 1677 eorporis
870 1621 998 1664 beati
1030 1621 1309 1664 Columbani
1341 1636 1368 1663 a
1400 1621 1548 1669 Bobio
1580 1621 1630 1662 in

30 1718 31 1721 ,
111 1678 267 1736 Bapia
297 1681 346 1724 et
375 1680 543 1724 relatio
568 1681 713 1737 ipsius
736 1681 938 1737 eorporis
960 1695 988 1723 a
1009 1677 1202 1737 (Papia
1189 1696 1239 1722 ln
1263 1681 1330 1723 Bo
1352 1679 1631 1734 evanuerunt)

29 1735 32 1795 ἶ
121 1738 211 1792 bi0‚
243 1739 327 1783 ubi
357 1754 439 1797 per
467 1740 613 1797 ipsius
644 1741 854 1792 virtutes,
889 1741 1076 1783 domino
1108 1743 1267 1783 nostro
1283 1740 1411 1784 Yesu
1444 1740 1629 1783 Christo

41 1808 58 1815 ²
87 1828 90 1832 -
121 1800 418 1852 eoncedente,
460 1800 610 1843 multa
642 1802 690 1844 et
722 1814 891 1866 magna
922 1802 1031 1842 sunl]
1062 1803 1331 1856 perpetrata
1362 1800 1628 1843 miracula?

265 1858 486 1914 Specimen
523 1858 763 1913 scripturae
802 1859 918 1903 inter
947 1859 1233 1903 Monumenta
1331 1859 1630 1914 laeoyraphiea

121 1931 261 1972 sacra,
305 1918 549 1962 auctoribus
579 1919 636 1962 F.
670 1918 817 1972 Carta,
857 1918 904 1963 Ο.
939 1918 1118 1973 inolla,
1159 1919 1204 1962 Ο.
1276 1919 1376 1972 rati,
1410 1918 1630 1974 Auyustae

66 1973 68 1979 ’
126 1977 418 2027 Taurinorum
453 1983 579 2033 1899,
612 1980 696 2022 tab.
723 1977 828 2033 XV,
853 1978 1019 2033 publici
1049 1978 1163 2022 iuris
1193 1979 1355 2032 factum
1386 1982 1447 2021 est
1458 1979 1487 2032 4,
1520 1979 1632 2033 quod

33 2040 35 2050 '
119 2041 312 2082 monente
339 2038 410 2083 W.
442 2038 629 2082 Levison
659 2038 773 2082 socio
813 2053 903 2082 meo
941 2038 1123 2082 alteram
1164 2038 1272 2082 later
1273 2038 1359 2081 culi
1390 2042 1561 2092 partem
1602 2053 1630 2081 a

34 2103 38 2117 ³
77 2142 84 2150 ,
121 2110 156 2141 c.
181 2101 235 2140 19
269 2095 352 2150 (ibi
383 2097 463 2153 21)
495 2099 556 2141 ad
584 2099 877 2142 Rutilanbem
911 2094 973 2152 (I,
1000 2099 1045 2154 1)
1079 2097 1403 2153 comprehendit.

263 2168 310 2212 Β
330 2169 399 2213 lb*
432 2174 472 2213 et
499 2169 546 2212 Β
565 2168 672 2223 1ὂ**)
710 2169 884 2213 Codices
920 2169 1329 2213 Taurinenses⁵
1360 2168 1631 2212 bibliothecae

50 2238 55 2242 '
121 2227 360 2272 nationalis
389 2229 499 2272 alter
529 2229 578 2271 F
593 2229 693 2283 III,
721 2234 787 2283 15,
819 2243 928 2273 saec.
954 2229 1044 2283 XI,
1077 2228 1177 2272 olim
1200 2228 1432 2272 Bobiensis
1462 2244 1504 2272 n.
1533 2233 1629 2282 169,

121 2287 196 2342 fol.
219 2292 290 2331 29.
323 2288 372 2332 V.
409 2287 661 2332 Columbani
691 2290 838 2343 solam,
872 2289 981 2332 alter
1012 2289 1061 2331 F
1076 2289 1148 2343 II,
1177 2293 1242 2343 10,
1276 2303 1383 2332 saec.
1410 2288 1498 2342 XI,
1532 2288 1631 2331 olim

119 2347 351 2392 Bobiensis
370 2363 414 2392 n.
430 2353 470 2402 7,
493 2348 756 2392 breviarium
776 2348 1056 2392 monasticum
1077 2348 1442 2403 comprehendens,
1464 2349 1539 2401 fol.
1559 2352 1628 2391 45.

42 2414 48 2471 ⁹,
132 2405 179 2451 V.
195 2407 395 2463 Athalae,
416 2408 493 2462 fol.
512 2412 583 2451 68.
611 2408 661 2452 V.
683 2408 894 2463 Eustasii,
917 2408 992 2462 fol.
1016 2412 1115 2452 145.
1143 2409 1191 2452 V.
1209 2408 1410 2474 Bertulfi,
1433 2408 1509 2461 fol.
1532 2412 1630 2450 145.

58 2559 59 2562 =
125 2535 161 2582 1)
193 2536 235 2572 V.
262 2537 418 2573 Columb.
444 2547 472 2574 c.
501 2539 557 2574 19.
582 2536 794 2583 inlaturum]
828 2538 931 2579 rell.,·
964 2536 1195 2572 inferendam
1221 2537 1255 2571 Β
1270 2537 1346 2579 lb>
1370 2547 1398 2572 c.
1425 2538 1483 2573 20.
1508 2547 1631 2571 rever-

58 2598 62 2599 ⁷
122 2583 238 2631 timet]
263 2584 340 2620 rell.
352 2595 369 2627 ;
392 2595 558 2620 reversus
582 2584 710 2620 fuisset
734 2586 768 2620 B
782 2585 836 2623 lb.
946 2586 983 2629 2)
1021 2585 1067 2620 Id
1091 2586 1184 2630 quod
1208 2596 1253 2619 erc
1277 2585 1336 2619 his
1361 2585 1446 2619 locis
1471 2584 1636 2618 concludi

48 2668 50 2670 .
123 2631 222 2667 licat.-
245 2632 300 2676 II,
317 2634 374 2669 22.
401 2643 596 2678 aggressus
613 2633 784 2678 antiquus
803 2632 932 2687 anguis
949 2632 1071 2668 denuo
1088 2644 1156 2678 per
1171 2631 1470 2678 transgressionis
1487 2630 1630 2676 vitium]

124 2689 316 2726 aggressus
347 2679 480 2715 vitium
515 2679 676 2726 (antiqus
711 2680 840 2726 anguis
875 2680 910 2717 d.
935 2692 1005 2726 per
1038 2683 1084 2717 tr.
1109 2680 1242 2715 vitium
1271 2691 1333 2724 pr
1365 2691 1411 2715 m.
1438 2680 1479 2712 in
1513 2689 1630 2722 nutam

40 2699 103 2767 J&
123 2727 264 2772 suppl)
289 2728 408 2770 Bla,·
434 2739 536 2774 aggr.
562 2727 699 2763 vicium
725 2728 896 2773 antiquus
922 2739 954 2765 a.
981 2727 1016 2764 d
1042 2739 1109 2774 per
1132 2730 1178 2764 tr.
1205 2727 1341 2763 vicium
1359 2727 1392 2761 B
1407 2727 1474 2768 1b;
1499 2726 1552 2768 II,
1570 2728 1630 2763 25.

44 2768 80 2829 ¹}
125 2773 285 2810 dedisset
325 2775 503 2821 osculum]
545 2776 691 2821 (pacem
731 2787 778 2812 m.
812 2777 860 2812 al.
895 2787 988 2822 supp
990 2776 1027 2820 Ζ.)
1063 2775 1098 2812 d.
1133 2776 1249 2815 Β1αῐ
1289 2785 1421 2820 paoem
1462 2773 1498 2809 d.
1524 2774 1558 2808 Β
1576 2774 1631 2810 lb.

58 2835 67 2844 ⁴
125 2821 163 2869 3)
196 2822 268 2859 Ed.
293 2823 459 2866 Rossetts}
493 2823 638 2858 ‘Bobbio
670 2824 866 2858 illustrato’
892 2788 988 2867 ILPP
973 2825 1098 2861 149—-
1104 2825 1184 2866 181,
1221 2822 1285 2856 ubi
1312 2833 1422 2866 prior
1450 2832 1548 2866 pars
1583 2821 1632 2856 ad

52 2883 67 2901 f
125 2879 155 2907 c.
179 2871 214 2907 7.
247 2870 483 2907 desideratur.
613 2871 652 2917 4)
689 2871 745 2914 Cf.
777 2872 821 2907 L.
853 2871 1007 2915 Traube,
1046 2871 1103 2907 ‘.N
1140 2872 1197 2905 Ar
1198 2870 1263 2907 ch!
1298 2869 1444 2913 XXVI,
1482 2880 1523 2914 p.
1547 2871 1632 2906 230.

60 2915 718 2964 τ5)ΟΤ.ΟἰΖίποΖ.Ζ..ρ11..20

63 3033 72 3050 κ,

60 3050 72 3073 ’.

52 3080 78 3107 .’“->

51 3111 70 3130 ι”ι

78 3156 84 3167 Ι

50 3179 56 3197 ἱ
