<?xml version="1.0" encoding="UTF-8"?>
<!DOCTYPE html PUBLIC "-//W3C//DTD XHTML 1.0 Transitional//EN"
    "http://www.w3.org/TR/xhtml1/DTD/xhtml1-transitional.dtd">
<html xmlns="http://www.w3.org/1999/xhtml" xml:lang="en" lang="en">
 <head>
  <title>
</title>
<meta http-equiv="Content-Type" content="text/html;charset=utf-8" />
  <meta name='ocr-system' content='tesseract 3.04.00' />
  <meta name='ocr-capabilities' content='ocr_page ocr_carea ocr_par ocr_line ocrx_word'/>
</head>
<body>
  <div class='ocr_page' id='page_1' title='image "./ionaevitaesancto37jonauoft_0030.png"; bbox 0 0 2008 3302; ppageno 0'>
   <div class='ocr_carea' id='block_1_1' title="bbox 370 287 1582 335">
    <p class='ocr_par' dir='ltr' id='par_1_1' title="bbox 370 287 1582 335">
     <span class='ocr_line' id='line_1_1' title="bbox 370 287 1582 335; baseline -0.002 -7"><span class='ocrx_word' id='word_1_1' title='bbox 370 294 416 328; x_wconf 87' lang='lat'><em>14</em></span> <span class='ocrx_word' id='word_1_2' title='bbox 655 289 824 335; x_wconf 84' lang='lat' dir='ltr'><em>IONAS,</em></span> <span class='ocrx_word' id='word_1_3' title='bbox 842 289 1003 326; x_wconf 85' lang='lat' dir='ltr'><strong>VITAE</strong></span> <span class='ocrx_word' id='word_1_4' title='bbox 1029 288 1336 325; x_wconf 84' lang='lat' dir='ltr'>OOLUMBANI</span> <span class='ocrx_word' id='word_1_5' title='bbox 1359 288 1505 325; x_wconf 88' lang='lat' dir='ltr'>LIBRI</span> <span class='ocrx_word' id='word_1_6' title='bbox 1529 287 1582 326; x_wconf 89' lang='grc' dir='ltr'><em>Π.</em></span> 
     </span>
    </p>
   </div>
   <div class='ocr_carea' id='block_1_2' title="bbox 359 409 1878 2849">
    <p class='ocr_par' dir='ltr' id='par_1_2' title="bbox 359 409 1878 2849">
     <span class='ocr_line' id='line_1_2' title="bbox 367 409 1874 465; baseline -0.003 -9"><span class='ocrx_word' id='word_1_7' title='bbox 367 413 459 456; x_wconf 90' lang='lat' dir='ltr'><em>iam</em></span> <span class='ocrx_word' id='word_1_8' title='bbox 489 411 759 465; x_wconf 78' lang='lat' dir='ltr'><em>refectorium</em></span> <span class='ocrx_word' id='word_1_9' title='bbox 789 410 1007 465; x_wconf 76' lang='lat' dir='ltr'><em>inyressus</em></span> <span class='ocrx_word' id='word_1_10' title='bbox 1038 414 1142 464; x_wconf 90' lang='lat' dir='ltr'><em>erat,</em></span> <span class='ocrx_word' id='word_1_11' title='bbox 1175 424 1270 453; x_wconf 89' lang='lat' dir='ltr'><em>cum</em></span> <span class='ocrx_word' id='word_1_12' title='bbox 1290 409 1552 453; x_wconf 78' lang='lat' dir='ltr'><em>terribilibus</em></span> <span class='ocrx_word' id='word_1_13' title='bbox 1575 409 1715 454; x_wconf 89' lang='lat' dir='ltr'><em>sancti</em></span> <span class='ocrx_word' id='word_1_14' title='bbox 1746 409 1874 453; x_wconf 91' lang='lat' dir='ltr'><em>dictis</em></span> 
     </span>
     <span class='ocr_line' id='line_1_3' title="bbox 368 469 1872 515; baseline -0.002 0"><span class='ocrx_word' id='word_1_15' title='bbox 368 474 429 515; x_wconf 90' lang='lat' dir='ltr'><em>ad</em></span> <span class='ocrx_word' id='word_1_16' title='bbox 457 472 717 515; x_wconf 88' lang='lat' dir='ltr'><em>redeundum</em></span> <span class='ocrx_word' id='word_1_17' title='bbox 748 474 973 513; x_wconf 88' lang='lat' dir='ltr'><em>commotus</em></span> <span class='ocrx_word' id='word_1_18' title='bbox 1003 474 1074 512; x_wconf 90' lang='lat' dir='ltr'><em>est.</em></span> <span class='ocrx_word' id='word_1_19' title='bbox 1137 469 1384 513; x_wconf 79' lang='lat' dir='ltr'><em>Periculum</em></span> <span class='ocrx_word' id='word_1_20' title='bbox 1421 469 1650 513; x_wconf 78' lang='lat' dir='ltr'><em>imminens</em></span> <span class='ocrx_word' id='word_1_21' title='bbox 1679 473 1727 512; x_wconf 89' lang='lat' dir='ltr'><em>ut</em></span> <span class='ocrx_word' id='word_1_22' title='bbox 1755 482 1872 512; x_wconf 84' lang='lat' dir='ltr'><em>aver-</em></span> 
     </span>
     <span class='ocr_line' id='line_1_4' title="bbox 369 529 1874 584; baseline -0.001 -10"><span class='ocrx_word' id='word_1_23' title='bbox 369 536 473 574; x_wconf 88' lang='lat' dir='ltr'><em>teret</em></span> <span class='ocrx_word' id='word_1_24' title='bbox 510 530 672 584; x_wconf 78' lang='lat' dir='ltr'><em>sibique</em></span> <span class='ocrx_word' id='word_1_25' title='bbox 713 530 954 582; x_wconf 89' lang='lat' dir='ltr'><em>consuleret,</em></span> <span class='ocrx_word' id='word_1_26' title='bbox 997 542 1201 583; x_wconf 74' lang='lat' dir='ltr'><em>auqurem</em></span> <span class='ocrx_word' id='word_1_27' title='bbox 1240 529 1455 582; x_wconf 83' lang='lat' dir='ltr'><em>nefastum</em></span> <span class='ocrx_word' id='word_1_28' title='bbox 1493 543 1545 572; x_wconf 91' lang='lat' dir='ltr'><em>ea</em></span> <span class='ocrx_word' id='word_1_29' title='bbox 1583 543 1670 583; x_wconf 90' lang='lat' dir='ltr'><em>qua</em></span> <span class='ocrx_word' id='word_1_30' title='bbox 1699 532 1874 572; x_wconf 83' lang='lat' dir='ltr'><em>venerat</em></span> 
     </span>
     <span class='ocr_line' id='line_1_5' title="bbox 368 587 1872 643; baseline -0.001 -10"><span class='ocrx_word' id='word_1_31' title='bbox 368 591 443 633; x_wconf 80' lang='lat' dir='ltr'><em>via</em></span> <span class='ocrx_word' id='word_1_32' title='bbox 473 603 662 633; x_wconf 91' lang='lat' dir='ltr'><em>remeare</em></span> <span class='ocrx_word' id='word_1_33' title='bbox 690 589 920 643; x_wconf 74' lang='lat' dir='ltr'><em>maluisset,</em></span> <span class='ocrx_word' id='word_1_34' title='bbox 953 588 1043 631; x_wconf 89' lang='lat' dir='ltr'><em>nisi</em></span> <span class='ocrx_word' id='word_1_35' title='bbox 1072 587 1145 631; x_wconf 92' lang='lat' dir='ltr'><em>ille</em></span> <span class='ocrx_word' id='word_1_36' title='bbox 1177 587 1461 642; x_wconf 76' lang='lat' dir='ltr'><em>pertinaciter</em></span> <span class='ocrx_word' id='word_1_37' title='bbox 1490 588 1721 642; x_wconf 83' lang='lat' dir='ltr'><em>restitisset,</em></span> <span class='ocrx_word' id='word_1_38' title='bbox 1753 602 1872 631; x_wconf 88' lang='lat' dir='ltr'><em>num-</em></span> 
     </span>
     <span class='ocr_line' id='line_1_6' title="bbox 367 647 1871 704; baseline -0.002 -12"><span class='ocrx_word' id='word_1_39' title='bbox 367 664 496 704; x_wconf 90' lang='lat' dir='ltr'><em>quam</em></span> <span class='ocrx_word' id='word_1_40' title='bbox 527 664 608 692; x_wconf 91' lang='lat' dir='ltr'><em>sua</em></span> <span class='ocrx_word' id='word_1_41' title='bbox 638 653 783 704; x_wconf 92' lang='lat' dir='ltr'><em>sponte</em></span> <span class='ocrx_word' id='word_1_42' title='bbox 821 647 1079 691; x_wconf 88' lang='lat' dir='ltr'><em>monasterio</em></span> <span class='ocrx_word' id='word_1_43' title='bbox 1119 662 1163 690; x_wconf 90' lang='lat' dir='ltr'><em>se</em></span> <span class='ocrx_word' id='word_1_44' title='bbox 1202 661 1469 702; x_wconf 74' lang='lat' dir='ltr'><em>eyressurum</em></span> <span class='ocrx_word' id='word_1_45' title='bbox 1515 662 1602 691; x_wconf 88' lang='lat' dir='ltr'><em>esse</em></span> <span class='ocrx_word' id='word_1_46' title='bbox 1646 648 1871 702; x_wconf 75' lang='lat' dir='ltr'><em>spondens.</em></span> 
     </span>
     <span class='ocr_line' id='line_1_7' title="bbox 369 707 1874 763; baseline -0.001 -11"><span class='ocrx_word' id='word_1_47' title='bbox 369 710 553 753; x_wconf 88' lang='lat' dir='ltr'><em>Maturo</em></span> <span class='ocrx_word' id='word_1_48' title='bbox 583 708 716 763; x_wconf 77' lang='lat' dir='ltr'><em>iyitur</em></span> <span class='ocrx_word' id='word_1_49' title='bbox 746 707 922 751; x_wconf 88' lang='lat' dir='ltr'><em>consilio</em></span> <span class='ocrx_word' id='word_1_50' title='bbox 948 707 1158 750; x_wconf 90' lang='lat' dir='ltr'><em>sententia</em></span> <span class='ocrx_word' id='word_1_51' title='bbox 1179 707 1361 751; x_wconf 89' lang='lat' dir='ltr'><em>dicenda</em></span> <span class='ocrx_word' id='word_1_52' title='bbox 1381 711 1485 762; x_wconf 89' lang='lat' dir='ltr'><em>erat,</em></span> <span class='ocrx_word' id='word_1_53' title='bbox 1518 721 1572 750; x_wconf 91' lang='lat' dir='ltr'><em>ne</em></span> <span class='ocrx_word' id='word_1_54' title='bbox 1591 707 1641 750; x_wconf 90' lang='lat' dir='ltr'><em>in</em></span> <span class='ocrx_word' id='word_1_55' title='bbox 1661 711 1874 751; x_wconf 79' lang='lat' dir='ltr'><em>auctorem</em></span> 
     </span>
     <span class='ocr_line' id='line_1_8' title="bbox 368 766 1873 821; baseline -0.001 -10"><span class='ocrx_word' id='word_1_56' title='bbox 368 769 449 812; x_wconf 92' lang='lat' dir='ltr'><em>illa</em></span> <span class='ocrx_word' id='word_1_57' title='bbox 479 768 692 821; x_wconf 83' lang='lat' dir='ltr'><em>recideret,</em></span> <span class='ocrx_word' id='word_1_58' title='bbox 734 772 773 810; x_wconf 90' lang='lat' dir='ltr'><em>et</em></span> <span class='ocrx_word' id='word_1_59' title='bbox 801 766 974 810; x_wconf 87' lang='lat' dir='ltr'><em>interim</em></span> <span class='ocrx_word' id='word_1_60' title='bbox 1014 766 1063 809; x_wconf 86' lang='lat' dir='ltr'><em>in</em></span> <span class='ocrx_word' id='word_1_61' title='bbox 1103 766 1302 821; x_wconf 90' lang='lat' dir='ltr'><em>oppidum</em></span> <span class='ocrx_word' id='word_1_62' title='bbox 1333 766 1659 810; x_wconf 89' lang='lat' dir='ltr'><em>Vesontionense</em></span> <span class='ocrx_word' id='word_1_63' title='bbox 1689 767 1750 810; x_wconf 87' lang='lat' dir='ltr'><em>ad</em></span> <span class='ocrx_word' id='word_1_64' title='bbox 1777 779 1873 810; x_wconf 71' lang='lat' dir='ltr'><em>emu-</em></span> 
     </span>
     <span class='ocr_line' id='line_1_9' title="bbox 368 825 1874 883; baseline -0.002 -12"><span class='ocrx_word' id='word_1_65' title='bbox 368 829 547 871; x_wconf 89' lang='lat' dir='ltr'><em>landum</em></span> <span class='ocrx_word' id='word_1_66' title='bbox 567 831 760 871; x_wconf 88' lang='lat' dir='ltr'><em>sanctum</em></span> <span class='ocrx_word' id='word_1_67' title='bbox 771 826 956 883; x_wconf 89' lang='lat' dir='ltr'><em>perduci</em></span> <span class='ocrx_word' id='word_1_68' title='bbox 975 826 1114 869; x_wconf 83' lang='lat' dir='ltr'><em>visum</em></span> <span class='ocrx_word' id='word_1_69' title='bbox 1134 830 1205 869; x_wconf 92' lang='lat' dir='ltr'><em>est.</em></span> <span class='ocrx_word' id='word_1_70' title='bbox 1260 825 1553 870; x_wconf 81' lang='lat' dir='ltr'><em>Comitabatur</em></span> <span class='ocrx_word' id='word_1_71' title='bbox 1573 830 1712 870; x_wconf 88' lang='lat' dir='ltr'><em>autem</em></span> <span class='ocrx_word' id='word_1_72' title='bbox 1730 825 1874 882; x_wconf 87' lang='lat' dir='ltr'><em>ipsum</em></span> 
     </span>
     <span class='ocr_line' id='line_1_10' title="bbox 368 884 1874 940; baseline -0.002 -9"><span class='ocrx_word' id='word_1_73' title='bbox 368 887 565 931; x_wconf 89' lang='lat' dir='ltr'><em>minister</em></span> <span class='ocrx_word' id='word_1_74' title='bbox 610 887 732 930; x_wconf 87' lang='lat' dir='ltr'><em>cuius</em></span> <span class='ocrx_word' id='word_1_75' title='bbox 776 900 910 940; x_wconf 90' lang='lat' dir='ltr'><em>supra</em></span> <span class='ocrx_word' id='word_1_76' title='bbox 952 885 1128 928; x_wconf 89' lang='lat' dir='ltr'><em>memini</em></span> <span class='ocrx_word' id='word_1_77' title='bbox 1167 885 1404 929; x_wconf 90' lang='lat' dir='ltr'><em>Domoalis.</em></span> <span class='ocrx_word' id='word_1_78' title='bbox 1483 885 1589 929; x_wconf 75' lang='lat' dir='ltr'><em>Oum</em></span> <span class='ocrx_word' id='word_1_79' title='bbox 1633 885 1766 929; x_wconf 86' lang='lat' dir='ltr'><em>nullis</em></span> <span class='ocrx_word' id='word_1_80' title='bbox 1809 884 1874 928; x_wconf 87' lang='lat' dir='ltr'><em>ibi</em></span> 
     </span>
     <span class='ocr_line' id='line_1_11' title="bbox 370 945 1874 1000; baseline -0.001 -10"><span class='ocrx_word' id='word_1_81' title='bbox 370 946 571 991; x_wconf 91' lang='lat' dir='ltr'><em>custodiis</em></span> <span class='ocrx_word' id='word_1_82' title='bbox 621 946 959 990; x_wconf 86' lang='lat' dir='ltr'><em>circumdaretur</em></span> <span class='ocrx_word' id='word_1_83' title='bbox 1008 945 1319 1000; x_wconf 77' lang='lat' dir='ltr'><em>molestiamque</em></span> <span class='ocrx_word' id='word_1_84' title='bbox 1369 945 1535 988; x_wconf 89' lang='lat' dir='ltr'><em>nullam</em></span> <span class='ocrx_word' id='word_1_85' title='bbox 1585 960 1614 988; x_wconf 91' lang='lat' dir='ltr'><em>a</em></span> <span class='ocrx_word' id='word_1_86' title='bbox 1664 958 1874 999; x_wconf 87' lang='lat' dir='ltr'><em>quoquam</em></span> 
     </span>
     <span class='ocr_line' id='line_1_12' title="bbox 359 1003 1874 1063; baseline -0.001 -14"><span class='ocrx_word' id='word_1_87' title='bbox 359 1011 597 1063; x_wconf 84' lang='lat' dir='ltr'><em>pateretur,</em></span> <span class='ocrx_word' id='word_1_88' title='bbox 637 1019 809 1060; x_wconf 88' lang='lat' dir='ltr'><em>cumque</em></span> <span class='ocrx_word' id='word_1_89' title='bbox 839 1009 1018 1048; x_wconf 86' lang='lat' dir='ltr'><em>montem</em></span> <span class='ocrx_word' id='word_1_90' title='bbox 1050 1006 1293 1058; x_wconf 86' lang='lat' dir='ltr'><em>ascendens,</em></span> <span class='ocrx_word' id='word_1_91' title='bbox 1334 1004 1451 1048; x_wconf 82' lang='lat' dir='ltr'><em>viam</em></span> <span class='ocrx_word' id='word_1_92' title='bbox 1481 1006 1542 1048; x_wconf 88' lang='lat' dir='ltr'><em>ad</em></span> <span class='ocrx_word' id='word_1_93' title='bbox 1568 1003 1874 1048; x_wconf 85' lang='lat' dir='ltr'><em>monasterium</em></span> 
     </span>
     <span class='ocr_line' id='line_1_13' title="bbox 369 1063 1872 1119; baseline -0.002 -10"><span class='ocrx_word' id='word_1_94' title='bbox 369 1065 576 1109; x_wconf 86' lang='lat' dir='ltr'><em>redeundi</em></span> <span class='ocrx_word' id='word_1_95' title='bbox 607 1081 635 1108; x_wconf 95' lang='lat' dir='ltr'><em>a</em></span> <span class='ocrx_word' id='word_1_96' title='bbox 666 1066 784 1108; x_wconf 91' lang='lat' dir='ltr'><em>nullo</em></span> <span class='ocrx_word' id='word_1_97' title='bbox 814 1064 1015 1119; x_wconf 85' lang='lat' dir='ltr'><em>impediri</em></span> <span class='ocrx_word' id='word_1_98' title='bbox 1038 1064 1210 1119; x_wconf 80' lang='lat' dir='ltr'><em>videret,</em></span> <span class='ocrx_word' id='word_1_99' title='bbox 1241 1066 1344 1107; x_wconf 92' lang='lat' dir='ltr'><em>urbe</em></span> <span class='ocrx_word' id='word_1_100' title='bbox 1365 1064 1514 1108; x_wconf 91' lang='lat' dir='ltr'><em>relicta</em></span> <span class='ocrx_word' id='word_1_101' title='bbox 1535 1066 1704 1107; x_wconf 86' lang='lat' dir='ltr'><em>domum</em></span> <span class='ocrx_word' id='word_1_102' title='bbox 1732 1063 1872 1107; x_wconf 87' lang='lat' dir='ltr'><em>rediit.</em></span> 
     </span>
     <span class='ocr_line' id='line_1_14' title="bbox 376 1122 1875 1180; baseline -0.001 -12"><span class='ocrx_word' id='word_1_103' title='bbox 376 1126 498 1180; x_wconf 75' lang='lat' dir='ltr'><em>Quod</em></span> <span class='ocrx_word' id='word_1_104' title='bbox 526 1139 619 1168; x_wconf 91' lang='lat' dir='ltr'><em>cum</em></span> <span class='ocrx_word' id='word_1_105' title='bbox 656 1124 948 1168; x_wconf 82' lang='lat' dir='ltr'><em>Theudericus</em></span> <span class='ocrx_word' id='word_1_106' title='bbox 978 1129 1102 1178; x_wconf 89' lang='lat' dir='ltr'><em>atque</em></span> <span class='ocrx_word' id='word_1_107' title='bbox 1131 1123 1441 1167; x_wconf 89' lang='lat' dir='ltr'><em>Brunechildis</em></span> <span class='ocrx_word' id='word_1_108' title='bbox 1471 1123 1704 1178; x_wconf 85' lang='lat' dir='ltr'><em>audissent,</em></span> <span class='ocrx_word' id='word_1_109' title='bbox 1740 1122 1875 1167; x_wconf 87' lang='lat' dir='ltr'><em>missa</em></span> 
     </span>
     <span class='ocr_line' id='line_1_15' title="bbox 368 1182 1874 1237; baseline -0.001 -10"><span class='ocrx_word' id='word_1_110' title='bbox 368 1184 552 1227; x_wconf 84' lang='lat' dir='ltr'><em>militum</em></span> <span class='ocrx_word' id='word_1_111' title='bbox 583 1185 748 1228; x_wconf 80' lang='lat' dir='ltr'><em>cohorte</em></span> <span class='ocrx_word' id='word_1_112' title='bbox 789 1199 883 1227; x_wconf 89' lang='lat' dir='ltr'><em>eum</em></span> <span class='ocrx_word' id='word_1_113' title='bbox 913 1184 963 1227; x_wconf 94' lang='lat' dir='ltr'><em>in</em></span> <span class='ocrx_word' id='word_1_114' title='bbox 993 1183 1169 1227; x_wconf 78' lang='lat' dir='ltr'><em>exilium</em></span> <span class='ocrx_word' id='word_1_115' title='bbox 1207 1183 1400 1227; x_wconf 86' lang='lat' dir='ltr'><em>revocari</em></span> <span class='ocrx_word' id='word_1_116' title='bbox 1437 1182 1666 1237; x_wconf 87' lang='lat' dir='ltr'><em>iusserunt,</em></span> <span class='ocrx_word' id='word_1_117' title='bbox 1706 1182 1874 1237; x_wconf 83' lang='lat' dir='ltr'><em>illisque</em></span> 
     </span>
     <span class='ocr_line' id='line_1_16' title="bbox 368 1242 1874 1298; baseline -0.001 -11"><span class='ocrx_word' id='word_1_118' title='bbox 368 1244 531 1297; x_wconf 84' lang='lat' dir='ltr'><em>infecta</em></span> <span class='ocrx_word' id='word_1_119' title='bbox 570 1258 618 1287; x_wconf 91' lang='lat' dir='ltr'><em>re</em></span> <span class='ocrx_word' id='word_1_120' title='bbox 657 1243 941 1298; x_wconf 82' lang='lat' dir='ltr'><em>redeuntibus,</em></span> <span class='ocrx_word' id='word_1_121' title='bbox 989 1243 1099 1287; x_wconf 89' lang='lat' dir='ltr'><em>alios</em></span> <span class='ocrx_word' id='word_1_122' title='bbox 1137 1243 1357 1297; x_wconf 89' lang='lat' dir='ltr'><em>miserunt,</em></span> <span class='ocrx_word' id='word_1_123' title='bbox 1405 1242 1481 1297; x_wconf 92' lang='lat' dir='ltr'><em>qui</em></span> <span class='ocrx_word' id='word_1_124' title='bbox 1521 1257 1615 1286; x_wconf 86' lang='lat' dir='ltr'><em>eum</em></span> <span class='ocrx_word' id='word_1_125' title='bbox 1653 1256 1706 1286; x_wconf 77' lang='lat' dir='ltr'><em>ea·</em></span> <span class='ocrx_word' id='word_1_126' title='bbox 1743 1255 1874 1298; x_wconf 74' lang='lat' dir='ltr'><em>reyno</em></span> 
     </span>
     <span class='ocr_line' id='line_1_17' title="bbox 363 1301 1875 1360; baseline -0.001 -14"><span class='ocrx_word' id='word_1_127' title='bbox 363 1305 537 1360; x_wconf 90' lang='lat' dir='ltr'><em>pulsum</em></span> <span class='ocrx_word' id='word_1_128' title='bbox 568 1303 617 1346; x_wconf 87' lang='lat' dir='ltr'><em>in</em></span> <span class='ocrx_word' id='word_1_129' title='bbox 639 1303 840 1359; x_wconf 91' lang='lat' dir='ltr'><em>patriam</em></span> <span class='ocrx_word' id='word_1_130' title='bbox 870 1303 1116 1357; x_wconf 75' lang='lat' dir='ltr'><em>diriyerent.</em></span> <span class='ocrx_word' id='word_1_131' title='bbox 1176 1302 1427 1346; x_wconf 84' lang='lat' dir='ltr'><em>Custodibus</em></span> <span class='ocrx_word' id='word_1_132' title='bbox 1446 1301 1756 1346; x_wconf 84' lang='lat' dir='ltr'><em>instantissime</em></span> <span class='ocrx_word' id='word_1_133' title='bbox 1774 1315 1875 1358; x_wconf 90' lang='lat' dir='ltr'><em>pre·</em></span> 
     </span>
     <span class='ocr_line' id='line_1_18' title="bbox 370 1361 1874 1417; baseline -0.001 -11"><span class='ocrx_word' id='word_1_134' title='bbox 370 1364 576 1417; x_wconf 86' lang='lat' dir='ltr'><em>cantibus,</em></span> <span class='ocrx_word' id='word_1_135' title='bbox 622 1367 671 1406; x_wconf 90' lang='lat' dir='ltr'><em>ut</em></span> <span class='ocrx_word' id='word_1_136' title='bbox 711 1363 811 1406; x_wconf 86' lang='lat' dir='ltr'><em>inde</em></span> <span class='ocrx_word' id='word_1_137' title='bbox 850 1364 1069 1416; x_wconf 86' lang='lat' dir='ltr'><em>recederet,</em></span> <span class='ocrx_word' id='word_1_138' title='bbox 1116 1362 1206 1417; x_wconf 89' lang='lat' dir='ltr'><em>ipse</em></span> <span class='ocrx_word' id='word_1_139' title='bbox 1250 1361 1478 1405; x_wconf 85' lang='lat' dir='ltr'><em>immobilis</em></span> <span class='ocrx_word' id='word_1_140' title='bbox 1512 1361 1784 1417; x_wconf 78' lang='lat' dir='ltr'><em>persistebat,</em></span> <span class='ocrx_word' id='word_1_141' title='bbox 1829 1375 1874 1405; x_wconf 91' lang='lat' dir='ltr'><em>se</em></span> 
     </span>
     <span class='ocr_line' id='line_1_19' title="bbox 369 1420 1875 1489; baseline -0.001 -23"><span class='ocrx_word' id='word_1_142' title='bbox 369 1437 602 1489; x_wconf 90' lang='lat' dir='ltr'><em>numquam</em></span> <span class='ocrx_word' id='word_1_143' title='bbox 641 1422 923 1466; x_wconf 89' lang='lat' dir='ltr'><em>discessurum</em></span> <span class='ocrx_word' id='word_1_144' title='bbox 964 1426 1148 1475; x_wconf 88' lang='lat' dir='ltr'><em>testatus,</em></span> <span class='ocrx_word' id='word_1_145' title='bbox 1190 1421 1279 1464; x_wconf 90' lang='lat' dir='ltr'><em>nisi</em></span> <span class='ocrx_word' id='word_1_146' title='bbox 1318 1421 1362 1464; x_wconf 87' lang='lat' dir='ltr'><em>vi</em></span> <span class='ocrx_word' id='word_1_147' title='bbox 1402 1422 1731 1465; x_wconf 77' lang='lat' dir='ltr'><em>abstraheretur.</em></span> <span class='ocrx_word' id='word_1_148' title='bbox 1771 1420 1875 1464; x_wconf 74' lang='lat' dir='ltr'><em>Rli</em></span> 
     </span>
     <span class='ocr_line' id='line_1_20' title="bbox 365 1479 1874 1547; baseline -0.001 -22"><span class='ocrx_word' id='word_1_149' title='bbox 365 1483 535 1537; x_wconf 75' lang='lat' dir='ltr'><em>yemino</em></span> <span class='ocrx_word' id='word_1_150' title='bbox 565 1481 716 1525; x_wconf 85' lang='lat' dir='ltr'><em>vallati</em></span> <span class='ocrx_word' id='word_1_151' title='bbox 736 1481 946 1538; x_wconf 83' lang='lat' dir='ltr'><em>perieuZO,</em></span> <span class='ocrx_word' id='word_1_152' title='bbox 981 1496 1074 1526; x_wconf 87' lang='lat' dir='ltr'><em>cum</em></span> <span class='ocrx_word' id='word_1_153' title='bbox 1105 1481 1214 1525; x_wconf 91' lang='lat' dir='ltr'><em>dicto</em></span> <span class='ocrx_word' id='word_1_154' title='bbox 1244 1495 1332 1524; x_wconf 91' lang='lat' dir='ltr'><em>non</em></span> <span class='ocrx_word' id='word_1_155' title='bbox 1354 1485 1562 1537; x_wconf 89' lang='lat' dir='ltr'><em>parentes</em></span> <span class='ocrx_word' id='word_1_156' title='bbox 1584 1480 1735 1523; x_wconf 91' lang='lat' dir='ltr'><em>mortis</em></span> <span class='ocrx_word' id='word_1_157' title='bbox 1747 1479 1874 1547; x_wconf 77' lang='lat' dir='ltr'><em>peri-</em></span> 
     </span>
     <span class='ocr_line' id='line_1_21' title="bbox 370 1539 1875 1606; baseline -0.001 -22"><span class='ocrx_word' id='word_1_158' title='bbox 370 1543 509 1585; x_wconf 91' lang='lat' dir='ltr'><em>culum</em></span> <span class='ocrx_word' id='word_1_159' title='bbox 529 1541 801 1585; x_wconf 84' lang='lat' dir='ltr'><em>incurrerent</em></span> <span class='ocrx_word' id='word_1_160' title='bbox 819 1546 1045 1596; x_wconf 88' lang='lat' dir='ltr'><em>sanctoque</em></span> <span class='ocrx_word' id='word_1_161' title='bbox 1065 1541 1150 1584; x_wconf 89' lang='lat' dir='ltr'><em>vim</em></span> <span class='ocrx_word' id='word_1_162' title='bbox 1171 1541 1338 1594; x_wconf 82' lang='lat' dir='ltr'><em>inferre</em></span> <span class='ocrx_word' id='word_1_163' title='bbox 1358 1544 1616 1594; x_wconf 88' lang='lat' dir='ltr'><em>vererentur,</em></span> <span class='ocrx_word' id='word_1_164' title='bbox 1649 1541 1709 1583; x_wconf 89' lang='lat' dir='ltr'><em>ad</em></span> <span class='ocrx_word' id='word_1_165' title='bbox 1736 1539 1875 1606; x_wconf 80' lang='lat' dir='ltr'><em>ipsius</em></span> 
     </span>
     <span class='ocr_line' id='line_1_22' title="bbox 366 1599 1874 1658; baseline -0.001 -14"><span class='ocrx_word' id='word_1_166' title='bbox 366 1616 510 1656; x_wconf 77' lang='lat' dir='ltr'><em>yenua</em></span> <span class='ocrx_word' id='word_1_167' title='bbox 539 1601 770 1658; x_wconf 81' lang='lat' dir='ltr'><em>provoluti,</em></span> <span class='ocrx_word' id='word_1_168' title='bbox 811 1601 980 1644; x_wconf 83' lang='lat' dir='ltr'><em>veniam</em></span> <span class='ocrx_word' id='word_1_169' title='bbox 1014 1602 1223 1655; x_wconf 90' lang='lat' dir='ltr'><em>petebant,</em></span> <span class='ocrx_word' id='word_1_170' title='bbox 1265 1600 1418 1655; x_wconf 89' lang='lat' dir='ltr'><em>quibus</em></span> <span class='ocrx_word' id='word_1_171' title='bbox 1456 1599 1571 1655; x_wconf 76' lang='lat' dir='ltr'><em>reyis</em></span> <span class='ocrx_word' id='word_1_172' title='bbox 1599 1599 1779 1654; x_wconf 89' lang='lat' dir='ltr'><em>imperio</em></span> <span class='ocrx_word' id='word_1_173' title='bbox 1810 1601 1874 1643; x_wconf 92' lang='lat' dir='ltr'><em>ob-</em></span> 
     </span>
     <span class='ocr_line' id='line_1_23' title="bbox 367 1658 1875 1717; baseline 0 -14"><span class='ocrx_word' id='word_1_174' title='bbox 367 1662 690 1717; x_wconf 86' lang='lat' dir='ltr'><em>temperandum</em></span> <span class='ocrx_word' id='word_1_175' title='bbox 720 1665 836 1704; x_wconf 90' lang='lat' dir='ltr'><em>esset.</em></span> <span class='ocrx_word' id='word_1_176' title='bbox 893 1661 1013 1703; x_wconf 84' lang='lat' dir='ltr'><em>Tunc</em></span> <span class='ocrx_word' id='word_1_177' title='bbox 1037 1662 1202 1704; x_wconf 89' lang='lat' dir='ltr'><em>demum</em></span> <span class='ocrx_word' id='word_1_178' title='bbox 1225 1664 1411 1714; x_wconf 90' lang='lat' dir='ltr'><em>sanctus,</em></span> <span class='ocrx_word' id='word_1_179' title='bbox 1443 1674 1496 1703; x_wconf 92' lang='lat' dir='ltr'><em>ne</em></span> <span class='ocrx_word' id='word_1_180' title='bbox 1519 1659 1736 1703; x_wconf 76' lang='lat' dir='ltr'><em>ministris</em></span> <span class='ocrx_word' id='word_1_181' title='bbox 1761 1658 1875 1715; x_wconf 84' lang='lat' dir='ltr'><em>peri·</em></span> 
     </span>
     <span class='ocr_line' id='line_1_24' title="bbox 369 1718 1876 1775; baseline -0.001 -12"><span class='ocrx_word' id='word_1_182' title='bbox 369 1721 509 1763; x_wconf 89' lang='lat' dir='ltr'><em>culum</em></span> <span class='ocrx_word' id='word_1_183' title='bbox 528 1721 700 1775; x_wconf 84' lang='lat' dir='ltr'><em>faceret,</em></span> <span class='ocrx_word' id='word_1_184' title='bbox 727 1720 988 1763; x_wconf 86' lang='lat' dir='ltr'><em>severitatem</em></span> <span class='ocrx_word' id='word_1_185' title='bbox 1009 1735 1133 1763; x_wconf 89' lang='lat' dir='ltr'><em>suam</em></span> <span class='ocrx_word' id='word_1_186' title='bbox 1153 1719 1328 1774; x_wconf 89' lang='lat' dir='ltr'><em>remisit,</em></span> <span class='ocrx_word' id='word_1_187' title='bbox 1356 1719 1596 1774; x_wconf 83' lang='lat' dir='ltr'><em>cunctisque</em></span> <span class='ocrx_word' id='word_1_188' title='bbox 1615 1718 1876 1763; x_wconf 83' lang='lat' dir='ltr'><em>eiulantibus</em></span> 
     </span>
     <span class='ocr_line' id='line_1_25' title="bbox 368 1777 1875 1834; baseline -0.001 -11"><span class='ocrx_word' id='word_1_189' title='bbox 368 1784 494 1834; x_wconf 89' lang='lat' dir='ltr'><em>atque</em></span> <span class='ocrx_word' id='word_1_190' title='bbox 523 1779 821 1834; x_wconf 90' lang='lat' dir='ltr'><em>maerentibus,</em></span> <span class='ocrx_word' id='word_1_191' title='bbox 854 1795 875 1823; x_wconf 91' lang='lat' dir='ltr'><em>e</em></span> <span class='ocrx_word' id='word_1_192' title='bbox 905 1779 1163 1823; x_wconf 92' lang='lat' dir='ltr'><em>monasterio</em></span> <span class='ocrx_word' id='word_1_193' title='bbox 1194 1779 1328 1823; x_wconf 89' lang='lat' dir='ltr'><em>cessit.</em></span> <span class='ocrx_word' id='word_1_194' title='bbox 1381 1780 1455 1822; x_wconf 77' lang='lat' dir='ltr'><em>Ex</em></span> <span class='ocrx_word' id='word_1_195' title='bbox 1483 1778 1700 1832; x_wconf 82' lang='lat' dir='ltr'><em>fratribus</em></span> <span class='ocrx_word' id='word_1_196' title='bbox 1728 1778 1766 1822; x_wconf 89' lang='lat' dir='ltr'><em>ii</em></span> <span class='ocrx_word' id='word_1_197' title='bbox 1793 1777 1875 1822; x_wconf 86' lang='lat' dir='ltr'><em>soli</em></span> 
     </span>
     <span class='ocr_line' id='line_1_26' title="bbox 367 1838 1876 1895; baseline -0.001 -13"><span class='ocrx_word' id='word_1_198' title='bbox 367 1854 463 1882; x_wconf 89' lang='lat' dir='ltr'><em>eum</em></span> <span class='ocrx_word' id='word_1_199' title='bbox 508 1839 628 1894; x_wconf 91' lang='lat' dir='ltr'><em>sequi</em></span> <span class='ocrx_word' id='word_1_200' title='bbox 666 1839 873 1895; x_wconf 87' lang='lat' dir='ltr'><em>permissi</em></span> <span class='ocrx_word' id='word_1_201' title='bbox 914 1844 1024 1893; x_wconf 90' lang='lat' dir='ltr'><em>sunt,</em></span> <span class='ocrx_word' id='word_1_202' title='bbox 1072 1839 1148 1893; x_wconf 90' lang='lat' dir='ltr'><em>qui</em></span> <span class='ocrx_word' id='word_1_203' title='bbox 1188 1839 1240 1882; x_wconf 91' lang='lat' dir='ltr'><em>in</em></span> <span class='ocrx_word' id='word_1_204' title='bbox 1283 1838 1541 1882; x_wconf 90' lang='lat' dir='ltr'><em>Britanniis</em></span> <span class='ocrx_word' id='word_1_205' title='bbox 1585 1838 1681 1882; x_wconf 87' lang='lat' dir='ltr'><em>nati</em></span> <span class='ocrx_word' id='word_1_206' title='bbox 1725 1841 1876 1893; x_wconf 84' lang='lat' dir='ltr'><em>erant,·</em></span> 
     </span>
     <span class='ocr_line' id='line_1_27' title="bbox 368 1897 1876 1953; baseline -0.001 -11"><span class='ocrx_word' id='word_1_207' title='bbox 368 1899 554 1953; x_wconf 87' lang='lat' dir='ltr'><em>reliquos</em></span> <span class='ocrx_word' id='word_1_208' title='bbox 592 1899 643 1942; x_wconf 91' lang='lat' dir='ltr'><em>in</em></span> <span class='ocrx_word' id='word_1_209' title='bbox 681 1899 840 1942; x_wconf 81' lang='lat' dir='ltr'><em>Galliis</em></span> <span class='ocrx_word' id='word_1_210' title='bbox 881 1903 992 1942; x_wconf 91' lang='lat' dir='ltr'><em>ortos</em></span> <span class='ocrx_word' id='word_1_211' title='bbox 1031 1913 1109 1942; x_wconf 72' lang='lat' dir='ltr'><em>rea:</em></span> <span class='ocrx_word' id='word_1_212' title='bbox 1139 1913 1359 1942; x_wconf 90' lang='lat' dir='ltr'><em>remanere</em></span> <span class='ocrx_word' id='word_1_213' title='bbox 1389 1898 1586 1942; x_wconf 90' lang='lat' dir='ltr'><em>iusserat.</em></span> <span class='ocrx_word' id='word_1_214' title='bbox 1649 1898 1701 1941; x_wconf 93' lang='lat' dir='ltr'><em>Is</em></span> <span class='ocrx_word' id='word_1_215' title='bbox 1738 1897 1876 1953; x_wconf 72' lang='lat' dir='ltr'><em>iyitur</em></span> 
     </span>
     <span class='ocr_line' id='line_1_28' title="bbox 366 1957 1875 2014; baseline -0.001 -13"><span class='ocrx_word' id='word_1_216' title='bbox 366 1958 463 2002; x_wconf 89' lang='lat' dir='ltr'><em>iure</em></span> <span class='ocrx_word' id='word_1_217' title='bbox 493 1973 569 2001; x_wconf 91' lang='lat' dir='ltr'><em>suo</em></span> <span class='ocrx_word' id='word_1_218' title='bbox 598 1960 806 2013; x_wconf 89' lang='lat' dir='ltr'><em>utebatur,</em></span> <span class='ocrx_word' id='word_1_219' title='bbox 838 1963 886 2001; x_wconf 92' lang='lat' dir='ltr'><em>ut</em></span> <span class='ocrx_word' id='word_1_220' title='bbox 915 1958 990 2013; x_wconf 90' lang='lat' dir='ltr'><em>qui</em></span> <span class='ocrx_word' id='word_1_221' title='bbox 1013 1973 1166 2014; x_wconf 87' lang='lat' dir='ltr'><em>pacem</em></span> <span class='ocrx_word' id='word_1_222' title='bbox 1190 1957 1411 2014; x_wconf 84' lang='lat' dir='ltr'><em>publicam</em></span> <span class='ocrx_word' id='word_1_223' title='bbox 1441 1959 1684 2002; x_wconf 86' lang='lat' dir='ltr'><em>turbassent</em></span> <span class='ocrx_word' id='word_1_224' title='bbox 1712 1957 1875 2012; x_wconf 84' lang='lat' dir='ltr'><em>sibique</em></span> 
     </span>
     <span class='ocr_line' id='line_1_29' title="bbox 366 2017 1874 2073; baseline -0.001 -12"><span class='ocrx_word' id='word_1_225' title='bbox 366 2018 581 2061; x_wconf 89' lang='lat' dir='ltr'><em>molestias</em></span> <span class='ocrx_word' id='word_1_226' title='bbox 617 2018 929 2061; x_wconf 75' lang='lat' dir='ltr'><em>contraxissent</em></span> <span class='ocrx_word' id='word_1_227' title='bbox 959 2017 1212 2073; x_wconf 72' lang='lat' dir='ltr'><em>pereqrinos</em></span> <span class='ocrx_word' id='word_1_228' title='bbox 1252 2033 1273 2061; x_wconf 93' lang='lat' dir='ltr'><em>e</em></span> <span class='ocrx_word' id='word_1_229' title='bbox 1311 2018 1474 2071; x_wconf 73' lang='lat' dir='ltr'><em>finibus</em></span> <span class='ocrx_word' id='word_1_230' title='bbox 1513 2017 1604 2060; x_wconf 89' lang='lat' dir='ltr'><em>suis</em></span> <span class='ocrx_word' id='word_1_231' title='bbox 1633 2021 1874 2061; x_wconf 82' lang='lat' dir='ltr'><em>removeret.</em></span> 
     </span>
     <span class='ocr_line' id='line_1_30' title="bbox 368 2076 1873 2134; baseline -0.001 -13"><span class='ocrx_word' id='word_1_232' title='bbox 368 2078 501 2121; x_wconf 89' lang='lat' dir='ltr'><em>Anno</em></span> <span class='ocrx_word' id='word_1_233' title='bbox 539 2077 747 2132; x_wconf 83' lang='lat' dir='ltr'><em>vicesimo,</em></span> <span class='ocrx_word' id='word_1_234' title='bbox 782 2082 1010 2134; x_wconf 85' lang='lat' dir='ltr'><em>postquam</em></span> <span class='ocrx_word' id='word_1_235' title='bbox 1049 2077 1099 2121; x_wconf 92' lang='lat' dir='ltr'><em>in</em></span> <span class='ocrx_word' id='word_1_236' title='bbox 1130 2079 1291 2121; x_wconf 90' lang='lat' dir='ltr'><em>deserto</em></span> <span class='ocrx_word' id='word_1_237' title='bbox 1322 2077 1480 2132; x_wconf 75' lang='lat' dir='ltr'><em>Vosaqi</em></span> <span class='ocrx_word' id='word_1_238' title='bbox 1509 2077 1645 2120; x_wconf 90' lang='lat' dir='ltr'><em>saltus</em></span> <span class='ocrx_word' id='word_1_239' title='bbox 1675 2076 1873 2131; x_wconf 85' lang='lat' dir='ltr'><em>consedit,</em></span> 
     </span>
     <span class='ocr_line' id='line_1_31' title="bbox 367 2135 1874 2193; baseline 0.001 -14"><span class='ocrx_word' id='word_1_240' title='bbox 367 2137 399 2179; x_wconf 92' lang='lat' dir='ltr'><em>i.</em></span> <span class='ocrx_word' id='word_1_241' title='bbox 432 2152 466 2180; x_wconf 91' lang='lat' dir='ltr'><em>e.</em></span> <span class='ocrx_word' id='word_1_242' title='bbox 499 2153 540 2180; x_wconf 92' lang='lat' dir='ltr'><em>a.</em></span> <span class='ocrx_word' id='word_1_243' title='bbox 565 2142 664 2179; x_wconf 90' lang='lat'>610.</span> <span class='ocrx_word' id='word_1_244' title='bbox 702 2152 755 2193; x_wconf 87' lang='lat' dir='ltr'><em>p.</em></span> <span class='ocrx_word' id='word_1_245' title='bbox 794 2136 909 2192; x_wconf 71' lang='lat' dir='ltr'><em>Chr„</em></span> <span class='ocrx_word' id='word_1_246' title='bbox 958 2137 1245 2181; x_wconf 80' lang='lat' dir='ltr'><em>Golumbanus</em></span> <span class='ocrx_word' id='word_1_247' title='bbox 1289 2137 1530 2181; x_wconf 88' lang='lat' dir='ltr'><em>custodibus</em></span> <span class='ocrx_word' id='word_1_248' title='bbox 1575 2136 1708 2192; x_wconf 75' lang='lat' dir='ltr'><em>reyiis</em></span> <span class='ocrx_word' id='word_1_249' title='bbox 1751 2135 1874 2180; x_wconf 84' lang='lat' dir='ltr'><em>comi-</em></span> 
     </span>
     <span class='ocr_line' id='line_1_32' title="bbox 367 2197 1876 2251; baseline -0.001 -11"><span class='ocrx_word' id='word_1_250' title='bbox 367 2197 559 2240; x_wconf 90' lang='lat' dir='ltr'><em>tantibus</em></span> <span class='ocrx_word' id='word_1_251' title='bbox 590 2199 650 2240; x_wconf 90' lang='lat' dir='ltr'><em>ad</em></span> <span class='ocrx_word' id='word_1_252' title='bbox 679 2198 1009 2240; x_wconf 86' lang='lat' dir='ltr'><em>Namnetensem</em></span> <span class='ocrx_word' id='word_1_253' title='bbox 1049 2198 1249 2241; x_wconf 90' lang='lat' dir='ltr'><em>deductus</em></span> <span class='ocrx_word' id='word_1_254' title='bbox 1293 2201 1354 2240; x_wconf 90' lang='lat' dir='ltr'><em>est</em></span> <span class='ocrx_word' id='word_1_255' title='bbox 1391 2201 1576 2251; x_wconf 89' lang='lat' dir='ltr'><em>portum,</em></span> <span class='ocrx_word' id='word_1_256' title='bbox 1623 2210 1705 2251; x_wconf 91' lang='lat' dir='ltr'><em>quo</em></span> <span class='ocrx_word' id='word_1_257' title='bbox 1745 2209 1876 2240; x_wconf 81' lang='lat' dir='ltr'><em>naves</em></span> 
     </span>
     <span class='ocr_line' id='line_1_33' title="bbox 369 2255 1877 2313; baseline -0.001 -14"><span class='ocrx_word' id='word_1_258' title='bbox 369 2256 633 2300; x_wconf 90' lang='lat' dir='ltr'><em>Hibernicae</em></span> <span class='ocrx_word' id='word_1_259' title='bbox 664 2256 826 2312; x_wconf 88' lang='lat' dir='ltr'><em>appelli</em></span> <span class='ocrx_word' id='word_1_260' title='bbox 865 2257 1065 2300; x_wconf 89' lang='lat' dir='ltr'><em>solebant.</em></span> <span class='ocrx_word' id='word_1_261' title='bbox 1129 2258 1223 2300; x_wconf 92' lang='lat' dir='ltr'><em>Iter</em></span> <span class='ocrx_word' id='word_1_262' title='bbox 1251 2256 1401 2313; x_wconf 89' lang='lat' dir='ltr'><em>primo</em></span> <span class='ocrx_word' id='word_1_263' title='bbox 1432 2260 1629 2300; x_wconf 89' lang='lat' dir='ltr'><em>terrestre</em></span> <span class='ocrx_word' id='word_1_264' title='bbox 1658 2255 1877 2309; x_wconf 83' lang='lat' dir='ltr'><em>faciebant</em></span> 
     </span>
     <span class='ocr_line' id='line_1_34' title="bbox 360 2314 1878 2371; baseline 0.001 -13"><span class='ocrx_word' id='word_1_265' title='bbox 360 2330 445 2370; x_wconf 92' lang='lat' dir='ltr'><em>per</em></span> <span class='ocrx_word' id='word_1_266' title='bbox 470 2315 775 2371; x_wconf 90' lang='lat' dir='ltr'><em>Vesontionem,</em></span> <span class='ocrx_word' id='word_1_267' title='bbox 801 2316 1066 2370; x_wconf 83' lang='lat' dir='ltr'><em>Avallonem,</em></span> <span class='ocrx_word' id='word_1_268' title='bbox 1091 2316 1438 2360; x_wconf 87' lang='lat' dir='ltr'><em>Autissiodorum</em></span> <span class='ocrx_word' id='word_1_269' title='bbox 1465 2317 1604 2368; x_wconf 85' lang='lat' dir='ltr'><em>urbes,</em></span> <span class='ocrx_word' id='word_1_270' title='bbox 1635 2314 1787 2359; x_wconf 84' lang='lat' dir='ltr'><em>deinde</em></span> <span class='ocrx_word' id='word_1_271' title='bbox 1817 2315 1878 2359; x_wconf 87' lang='lat' dir='ltr'><em>ad</em></span> 
     </span>
     <span class='ocr_line' id='line_1_35' title="bbox 370 2374 1876 2431; baseline 0.001 -14"><span class='ocrx_word' id='word_1_272' title='bbox 370 2375 550 2418; x_wconf 90' lang='lat' dir='ltr'><em>alteram</em></span> <span class='ocrx_word' id='word_1_273' title='bbox 580 2374 696 2418; x_wconf 83' lang='lat' dir='ltr'><em>viam</em></span> <span class='ocrx_word' id='word_1_274' title='bbox 727 2375 988 2418; x_wconf 89' lang='lat' dir='ltr'><em>declinantes</em></span> <span class='ocrx_word' id='word_1_275' title='bbox 1012 2377 1132 2431; x_wconf 91' lang='lat' dir='ltr'><em>apud</em></span> <span class='ocrx_word' id='word_1_276' title='bbox 1155 2376 1466 2419; x_wconf 86' lang='lat' dir='ltr'><em>Nivernensem</em></span> <span class='ocrx_word' id='word_1_277' title='bbox 1495 2376 1641 2418; x_wconf 87' lang='lat' dir='ltr'><em>urbem</em></span> <span class='ocrx_word' id='word_1_278' title='bbox 1670 2374 1876 2430; x_wconf 84' lang='lat' dir='ltr'><em>scapham</em></span> 
     </span>
     <span class='ocr_line' id='line_1_36' title="bbox 368 2434 1876 2489; baseline 0 -12"><span class='ocrx_word' id='word_1_279' title='bbox 368 2435 700 2477; x_wconf 87' lang='lat' dir='ltr'><em>conscenderunt</em></span> <span class='ocrx_word' id='word_1_280' title='bbox 730 2434 1003 2489; x_wconf 75' lang='lat' dir='ltr'><em>Liyerimque</em></span> <span class='ocrx_word' id='word_1_281' title='bbox 1033 2435 1286 2489; x_wconf 76' lang='lat' dir='ltr'><em>naviyantes</em></span> <span class='ocrx_word' id='word_1_282' title='bbox 1316 2434 1580 2478; x_wconf 86' lang='lat' dir='ltr'><em>Aurelianos</em></span> <span class='ocrx_word' id='word_1_283' title='bbox 1609 2438 1648 2477; x_wconf 90' lang='lat' dir='ltr'><em>et</em></span> <span class='ocrx_word' id='word_1_284' title='bbox 1682 2435 1876 2477; x_wconf 84' lang='lat' dir='ltr'><em>Turonos</em></span> 
     </span>
     <span class='ocr_line' id='line_1_37' title="bbox 369 2493 1875 2550; baseline 0 -14"><span class='ocrx_word' id='word_1_285' title='bbox 369 2494 612 2548; x_wconf 73' lang='lat' dir='ltr'><em>attiyerunt,</em></span> <span class='ocrx_word' id='word_1_286' title='bbox 645 2498 872 2547; x_wconf 88' lang='lat' dir='ltr'><em>antequam</em></span> <span class='ocrx_word' id='word_1_287' title='bbox 892 2508 973 2548; x_wconf 93' lang='lat' dir='ltr'><em>quo</em></span> <span class='ocrx_word' id='word_1_288' title='bbox 994 2496 1220 2537; x_wconf 88' lang='lat' dir='ltr'><em>tendebant</em></span> <span class='ocrx_word' id='word_1_289' title='bbox 1239 2499 1418 2550; x_wconf 86' lang='lat' dir='ltr'><em>portum</em></span> <span class='ocrx_word' id='word_1_290' title='bbox 1438 2497 1650 2550; x_wconf 90' lang='lat' dir='ltr'><em>ceperunt.</em></span> <span class='ocrx_word' id='word_1_291' title='bbox 1705 2493 1875 2537; x_wconf 84' lang='lat' dir='ltr'><em>Navale</em></span> 
     </span>
     <span class='ocr_line' id='line_1_38' title="bbox 368 2553 1875 2620; baseline 0.001 -25"><span class='ocrx_word' id='word_1_292' title='bbox 368 2553 452 2595; x_wconf 92' lang='lat' dir='ltr'><em>iter</em></span> <span class='ocrx_word' id='word_1_293' title='bbox 482 2553 665 2605; x_wconf 83' lang='lat' dir='ltr'><em>fortasse</em></span> <span class='ocrx_word' id='word_1_294' title='bbox 695 2553 878 2608; x_wconf 82' lang='lat' dir='ltr'><em>praefer</em></span> <span class='ocrx_word' id='word_1_295' title='bbox 878 2555 1032 2596; x_wconf 90' lang='lat' dir='ltr'><em>endum</em></span> <span class='ocrx_word' id='word_1_296' title='bbox 1063 2558 1166 2607; x_wconf 88' lang='lat' dir='ltr'><em>erat,</em></span> <span class='ocrx_word' id='word_1_297' title='bbox 1202 2567 1290 2619; x_wconf 84' lang='lat' dir='ltr'><em>quo</em></span> <span class='ocrx_word' id='word_1_298' title='bbox 1320 2553 1460 2620; x_wconf 76' lang='lat' dir='ltr'><em>maqis</em></span> <span class='ocrx_word' id='word_1_299' title='bbox 1489 2557 1663 2596; x_wconf 89' lang='lat' dir='ltr'><em>sanctus</em></span> <span class='ocrx_word' id='word_1_300' title='bbox 1693 2568 1723 2596; x_wconf 90' lang='lat' dir='ltr'><em>a</em></span> <span class='ocrx_word' id='word_1_301' title='bbox 1752 2554 1875 2608; x_wconf 71' lang='lat' dir='ltr'><em>vulqo</em></span> 
     </span>
     <span class='ocr_line' id='line_1_39' title="bbox 369 2612 1875 2678; baseline 0 -23"><span class='ocrx_word' id='word_1_302' title='bbox 369 2616 673 2678; x_wconf 79' lang='lat' dir='ltr'><em>separaretur,·</em></span> <span class='ocrx_word' id='word_1_303' title='bbox 715 2612 999 2666; x_wconf 78' lang='lat' dir='ltr'><em>qravissimas</em></span> <span class='ocrx_word' id='word_1_304' title='bbox 1038 2612 1152 2656; x_wconf 88' lang='lat' dir='ltr'><em>enim</em></span> <span class='ocrx_word' id='word_1_305' title='bbox 1191 2612 1384 2656; x_wconf 87' lang='lat' dir='ltr'><em>iniurias</em></span> <span class='ocrx_word' id='word_1_306' title='bbox 1422 2612 1472 2655; x_wconf 90' lang='lat' dir='ltr'><em>in</em></span> <span class='ocrx_word' id='word_1_307' title='bbox 1503 2626 1642 2667; x_wconf 78' lang='lat' dir='ltr'><em>reyem</em></span> <span class='ocrx_word' id='word_1_308' title='bbox 1672 2626 1875 2668; x_wconf 77' lang='lat' dir='ltr'><em>sparyere</em></span> 
     </span>
     <span class='ocr_line' id='line_1_40' title="bbox 368 2671 1875 2728; baseline 0.001 -13"><span class='ocrx_word' id='word_1_309' title='bbox 368 2672 553 2715; x_wconf 88' lang='lat' dir='ltr'><em>solebat1</em></span> <span class='ocrx_word' id='word_1_310' title='bbox 574 2671 772 2726; x_wconf 88' lang='lat' dir='ltr'><em>tristeque</em></span> <span class='ocrx_word' id='word_1_311' title='bbox 792 2671 1077 2727; x_wconf 76' lang='lat' dir='ltr'><em>praesaqium</em></span> <span class='ocrx_word' id='word_1_312' title='bbox 1098 2673 1148 2715; x_wconf 91' lang='lat' dir='ltr'><em>de</em></span> <span class='ocrx_word' id='word_1_313' title='bbox 1169 2686 1214 2715; x_wconf 90' lang='lat' dir='ltr'><em>eo</em></span> <span class='ocrx_word' id='word_1_314' title='bbox 1237 2672 1534 2728; x_wconf 64' lang='lat' dir='ltr'><em>pervulgabat,</em></span> <span class='ocrx_word' id='word_1_315' title='bbox 1566 2671 1727 2716; x_wconf 91' lang='lat' dir='ltr'><em>scilicet</em></span> <span class='ocrx_word' id='word_1_316' title='bbox 1753 2671 1875 2716; x_wconf 88' lang='lat' dir='ltr'><em>intra</em></span> 
     </span>
     <span class='ocr_line' id='line_1_41' title="bbox 369 2730 1875 2787; baseline 0 -13"><span class='ocrx_word' id='word_1_317' title='bbox 369 2731 606 2774; x_wconf 88' lang='lat' dir='ltr'><em>triennium</em></span> <span class='ocrx_word' id='word_1_318' title='bbox 647 2730 771 2785; x_wconf 87' lang='lat'><strong><em>(613.</em></strong></span> <span class='ocrx_word' id='word_1_319' title='bbox 807 2746 852 2786; x_wconf 89' lang='lat' dir='ltr'><em>p.</em></span> <span class='ocrx_word' id='word_1_320' title='bbox 894 2731 1023 2786; x_wconf 78' lang='lat' dir='ltr'><em>Chr.)</em></span> <span class='ocrx_word' id='word_1_321' title='bbox 1064 2731 1204 2787; x_wconf 89' lang='lat' dir='ltr'><em>ipsius</em></span> <span class='ocrx_word' id='word_1_322' title='bbox 1249 2746 1426 2786; x_wconf 75' lang='lat' dir='ltr'><em>reynum</em></span> <span class='ocrx_word' id='word_1_323' title='bbox 1466 2731 1712 2787; x_wconf 91' lang='lat' dir='ltr'><em>periturum</em></span> <span class='ocrx_word' id='word_1_324' title='bbox 1751 2735 1875 2785; x_wconf 89' lang='lat' dir='ltr'><em>atque</em></span> 
     </span>
     <span class='ocr_line' id='line_1_42' title="bbox 380 2790 1874 2849; baseline 0 -15"><span class='ocrx_word' id='word_1_325' title='bbox 380 2790 681 2834; x_wconf 84' lang='lat' dir='ltr'><em>Chlotharium</em></span> <span class='ocrx_word' id='word_1_326' title='bbox 726 2790 1045 2849; x_wconf 84' lang='lat' dir='ltr'><em>dominaturum</em></span> <span class='ocrx_word' id='word_1_327' title='bbox 1090 2805 1178 2834; x_wconf 88' lang='lat' dir='ltr'><em>esse</em></span> <span class='ocrx_word' id='word_1_328' title='bbox 1191 2793 1217 2834; x_wconf 78' lang='lat'><em>².</em></span> <span class='ocrx_word' id='word_1_329' title='bbox 1282 2792 1435 2845; x_wconf 89' lang='lat' dir='ltr'><em>Itaque</em></span> <span class='ocrx_word' id='word_1_330' title='bbox 1477 2791 1717 2835; x_wconf 90' lang='lat' dir='ltr'><em>custodibus</em></span> <span class='ocrx_word' id='word_1_331' title='bbox 1762 2794 1874 2834; x_wconf 84' lang='lat' dir='ltr'><em>ante-</em></span> 
     </span>
    </p>
   </div>
   <div class='ocr_carea' id='block_1_3' title="bbox 372 2888 1876 3027">
    <p class='ocr_par' dir='ltr' id='par_1_3' title="bbox 372 2888 1876 3027">
     <span class='ocr_line' id='line_1_43' title="bbox 372 2888 1876 2935; baseline -0.001 -10"><span class='ocrx_word' id='word_1_332' title='bbox 372 2888 409 2935; x_wconf 88' lang='lat'><em>1)</em></span> <span class='ocrx_word' id='word_1_333' title='bbox 446 2889 524 2931; x_wconf 79' lang='lat' dir='ltr'><em>Qua</em></span> <span class='ocrx_word' id='word_1_334' title='bbox 557 2891 599 2923; x_wconf 87' lang='lat' dir='ltr'><em>de</em></span> <span class='ocrx_word' id='word_1_335' title='bbox 632 2900 746 2924; x_wconf 85' lang='lat' dir='ltr'><em>causa</em></span> <span class='ocrx_word' id='word_1_336' title='bbox 778 2891 919 2934; x_wconf 80' lang='lat' dir='ltr'><em>rediret,</em></span> <span class='ocrx_word' id='word_1_337' title='bbox 952 2891 1208 2934; x_wconf 74' lang='lat' dir='ltr'><em>interroyatus‚</em></span> <span class='ocrx_word' id='word_1_338' title='bbox 1243 2891 1469 2934; x_wconf 81' lang='lat' dir='ltr'><em>respondisse</em></span> <span class='ocrx_word' id='word_1_339' title='bbox 1497 2892 1639 2933; x_wconf 76' lang='lat' dir='ltr'><em>fertur:</em></span> <span class='ocrx_word' id='word_1_340' title='bbox 1673 2890 1799 2925; x_wconf 74' lang='lat' dir='ltr'><em>‘Canis</em></span> <span class='ocrx_word' id='word_1_341' title='bbox 1821 2900 1876 2924; x_wconf 75' lang='lat' dir='ltr'><em>ms</em></span> 
     </span>
     <span class='ocr_line' id='line_1_44' title="bbox 372 2937 1874 3027; baseline 0.001 -56"><span class='ocrx_word' id='word_1_342' title='bbox 372 2937 620 3027; x_wconf 56' lang='grc' dir='ltr'><em>Ξῆροόιάεέξσαε</em></span> <span class='ocrx_word' id='word_1_343' title='bbox 636 2939 724 2972; x_wconf 84' lang='lat' dir='ltr'><em>meis</em></span> <span class='ocrx_word' id='word_1_344' title='bbox 741 2949 764 2971; x_wconf 89' lang='lat' dir='ltr'><em>a</em></span> <span class='ocrx_word' id='word_1_345' title='bbox 780 2938 963 2981; x_wconf 78' lang='lat' dir='ltr'><em>fratribus</em></span> <span class='ocrx_word' id='word_1_346' title='bbox 980 2938 1116 2981; x_wconf 72' lang='lat' dir='ltr'><em>abeyit’5</em></span> <span class='ocrx_word' id='word_1_347' title='bbox 1135 2939 1181 2981; x_wconf 78' lang='lat' dir='ltr'><em>cf.</em></span> <span class='ocrx_word' id='word_1_348' title='bbox 1201 2938 1242 2974; x_wconf 87' lang='lat' dir='ltr'><em>V.</em></span> <span class='ocrx_word' id='word_1_349' title='bbox 1259 2938 1413 2974; x_wconf 77' lang='lat' dir='ltr'><em>columb.</em></span> <span class='ocrx_word' id='word_1_350' title='bbox 1431 2938 1463 2981; x_wconf 89' lang='lat' dir='ltr'><em>I,</em></span> <span class='ocrx_word' id='word_1_351' title='bbox 1477 2939 1535 2975; x_wconf 85' lang='lat'><em>22.</em></span> <span class='ocrx_word' id='word_1_352' title='bbox 1597 2939 1634 2983; x_wconf 84' lang='lat'><em>2)</em></span> <span class='ocrx_word' id='word_1_353' title='bbox 1662 2938 1703 2974; x_wconf 91' lang='lat' dir='ltr'><em>V.</em></span> <span class='ocrx_word' id='word_1_354' title='bbox 1720 2937 1874 2974; x_wconf 79' lang='lat' dir='ltr'><em>columb.</em></span> 
     </span>
    </p>
   </div>
   <div class='ocr_carea' id='block_1_4' title="bbox 1900 962 1936 988">
    <p class='ocr_par' dir='ltr' id='par_1_4' title="bbox 1900 962 1936 988">
     <span class='ocr_line' id='line_1_45' title="bbox 1900 962 1936 988; baseline 0 0"><span class='ocrx_word' id='word_1_355' title='bbox 1900 962 1936 988; x_wconf 87' lang='lat'><em>10</em></span> 
     </span>
    </p>
   </div>
   <div class='ocr_carea' id='block_1_5' title="bbox 1901 1259 1936 1287">
    <p class='ocr_par' dir='ltr' id='par_1_5' title="bbox 1901 1259 1936 1287">
     <span class='ocr_line' id='line_1_46' title="bbox 1901 1259 1936 1287; baseline -0.029 0"><span class='ocrx_word' id='word_1_356' title='bbox 1901 1259 1936 1287; x_wconf 80' lang='lat'><em>15</em></span> 
     </span>
    </p>
   </div>
   <div class='ocr_carea' id='block_1_6' title="bbox 1899 1853 1936 1880">
    <p class='ocr_par' dir='ltr' id='par_1_6' title="bbox 1899 1853 1936 1880">
     <span class='ocr_line' id='line_1_47' title="bbox 1899 1853 1936 1880; baseline -0.027 0"><span class='ocrx_word' id='word_1_357' title='bbox 1899 1853 1936 1880; x_wconf 78' lang='lat'><em>25</em></span> 
     </span>
    </p>
   </div>
   <div class='ocr_carea' id='block_1_7' title="bbox 1900 2450 1936 2477">
    <p class='ocr_par' dir='ltr' id='par_1_7' title="bbox 1900 2450 1936 2477">
     <span class='ocr_line' id='line_1_48' title="bbox 1900 2450 1936 2477; baseline -0.028 0"><span class='ocrx_word' id='word_1_358' title='bbox 1900 2450 1936 2477; x_wconf 73' lang='lat'><em>3⁶</em></span> 
     </span>
    </p>
   </div>
   <div class='ocr_carea' id='block_1_8' title="bbox 1899 2748 1937 2774">
    <p class='ocr_par' dir='ltr' id='par_1_8' title="bbox 1899 2748 1937 2774">
     <span class='ocr_line' id='line_1_49' title="bbox 1899 2748 1937 2774; baseline 0 0"><span class='ocrx_word' id='word_1_359' title='bbox 1899 2748 1937 2774; x_wconf 73' lang='lat'><em>40</em></span> 
     </span>
    </p>
   </div>
  </div>
 </body>
</html>
