2008 3302
414 229 583 275 IONAS‚
601 229 765 268 VITAE
789 229 1098 267 OOLUMBANI
1122 229 1268 267 LIBRI
1292 230 1345 268 11.
1565 232 1633 268 111

274 351 522 406 Scripturae
552 352 762 407 specimen
792 352 907 396 dedit
937 353 1116 396 Lawlor
1146 354 1230 396 tab.
1263 353 1372 396 VII.

281 411 386 455 Cum
432 411 543 456 idem
588 416 825 467 apparatus
869 412 919 456 in
963 412 1148 466 sinyulis
1197 412 1321 455 libris
1366 411 1636 456 recensendis

128 471 305 516 minime
338 476 592 526 permaneat
629 485 762 527 neque
801 471 962 516 codices
1000 471 1131 514 iidem
1171 473 1348 515 eandem
1379 486 1466 528 per
1505 476 1634 515 totum

130 545 234 598 opus
263 530 448 574 indolem
475 545 647 575 servare
669 531 908 585 videantur,
940 545 1128 574 seorsum
1153 532 1203 574 de
1226 545 1484 586 unaquaque
1506 535 1634 586 parte

85 607 107 634 ο
129 589 347 645 inquirere
392 591 530 634 visum
576 595 651 645 est,
699 605 807 646 quae
853 591 968 634 inter
1012 590 1173 634 codices
1222 590 1459 634 intercedat
1507 591 1632 645 ratio,

130 664 260 706 quove
290 650 466 694 consilio
497 650 626 694 editio
655 650 922 694 instituenda
952 650 1019 694 sit.
1086 650 1142 694 Ut
1171 651 1231 693 ad
1260 650 1418 693 librum
1440 651 1635 717 priorem

130 714 410 764 transeamus,
451 709 603 754 classis
632 711 676 752 A
707 715 747 754 et
774 709 820 753 Β
849 714 897 754 ut
929 710 1176 764 plerumque
1214 710 1278 753 vel
1315 709 1366 753 in
1404 711 1530 754 rebus
1559 710 1635 753 mi-

130 768 264 813 nimis
300 769 414 813 inter
443 784 487 813 se
526 774 774 825 conyruunt,
814 769 879 812 ita
913 769 1044 824 yravi
1081 769 1305 812 lectionum
1344 769 1636 824 discrepantia

130 829 251 872 haud
277 842 382 872 raro
412 828 462 872 in
492 830 601 872 duas
623 834 774 884 partes
804 829 1037 884 discedunt,
1077 843 1294 883 sermoque
1325 833 1412 872 tam
1443 829 1636 872 diversus

70 904 108 932 ιο
131 887 234 932 locis
278 888 500 933 nonnullis
544 888 593 932 in
637 893 818 943 utraque
864 889 1030 944 leqitur,
1084 893 1151 942 ut,
1207 888 1298 932 utri
1321 888 1483 932 ‘maior
1527 890 1636 942 sides

131 949 315 1002 accedat,
347 962 436 991 non
464 948 596 1001 facile
627 948 904 992 decidendum
933 948 1004 992 sit.
1066 948 1176 992 Rem
1213 947 1265 991 in
1304 948 1635 992 controversiam

46 1039 47 1042 η
131 1007 436 1052 adducentibus
466 1008 587 1051 nobis
626 1008 775 1051 tertius
805 1008 990 1052 occurrit
1020 1008 1136 1051 testis
1166 1007 1473 1062 Fredeqarius,
1514 1022 1635 1062 quem

129 1067 366 1110 maximam
388 1081 424 1110 c.
449 1071 637 1112 18—20.
671 1068 719 1111 V.
749 1067 1002 1112 Columbani
1017 1072 1189 1122 partem
1212 1067 1263 1110 in
1287 1068 1433 1111 chron.
1456 1068 1544 1122 IV,
1564 1073 1635 1110 36.

131 1126 340 1181 expilasse
380 1126 539 1170 monui.
612 1127 800 1182 Utraque
840 1132 979 1170 autem
1023 1127 1174 1171 classis
1212 1141 1259 1170 eo
1289 1127 1493 1182 inprimis
1522 1127 1637 1171 inter

69 1201 108 1230 ιε
129 1200 175 1230 se
220 1185 377 1240 differt,
424 1187 537 1241 quod
581 1187 816 1230 orationem
861 1187 1085 1241 obliquam,
1139 1186 1260 1231 cuius
1305 1188 1462 1230 Ionam
1509 1201 1637 1241 quam

130 1245 316 1289 maxime
345 1245 580 1289 studiosum
609 1246 746 1299 fuisse
775 1246 882 1301 dixi,
909 1246 1228 1300 praetermissis
1257 1246 1397 1290 verbis
1426 1246 1638 1290 sentiendi

131 1305 195 1349 vel
225 1305 479 1349 declarandi
508 1306 553 1348 A
583 1305 778 1360 tradidit,
811 1306 1014 1349 admissis
1042 1305 1113 1358 iis,
1145 1306 1214 1348 Β.·

186 1379 221 1409 c.
245 1369 285 1408 6.
349 1365 515 1434 Opepiss
546 1389 606 1395 —
635 1380 715 1408 rex
755 1380 958 1421 querere,
1001 1369 1055 1408 uh
1087 1389 1145 1395 ——
1176 1367 1422 1417 resederet,
1456 1389 1514 1395 —
1546 1381 1636 1408 om-

25 1447 28 1455 *
346 1425 426 1468 nia.
456 1439 574 1480 quae
606 1426 704 1468 eius
737 1425 952 1468 voluntas
983 1427 1269 1482 poposcisset
1291 1439 1339 1468 se
1365 1429 1636 1482 paraturum

24 1493 110 1532 ‘520
351 1480 482 1540 [esse
495 1486 746 1541 spopondit
778 1485 878 1528 add.
909 1484 966 1538 Β,
999 1499 1077 1528 om
1111 1482 1197 1541 A];

188 1558 222 1587 c.
249 1547 317 1587 19.
350 1544 434 1587 Vir
455 1544 545 1588 Dei
565 1545 826 1601 respondit:
853 1544 915 1587 ‘Si
938 1567 994 1573 -
1017 1546 1211 1597 conaris,
1233 1568 1293 1574 —
1315 1559 1388 1588 me
1409 1545 1510 1587 fore
1536 1555 1564 1587 a
1588 1547 1637 1588 te

350 1606 718 1647 sustenssaizurum
748 1602 877 1660 [scias
902 1604 1002 1647 add.
1028 1603 1087 1659 Β,
1115 1618 1194 1647 om.
1216 1604 1260 1647 A
1286 1619 1379 1648 cum
1403 1601 1576 1659 Fred.];

189 1677 224 1707 c.
244 1666 318 1707 20.
350 1664 612 1716 horssantur,
645 1666 699 1706 ut
721 1687 779 1693 -—
801 1664 1083 1716 oonsuleret;
1118 1665 1198 1720 qui
1223 1665 1262 1707 si
1283 1679 1390 1707 eum
1411 1665 1639 1708 violenter

349 1738 444 1766 non
485 1724 822 1775 absbraherenb‚
874 1724 1036 1766 mortis
1077 1738 1154 1767 eos
1194 1725 1448 1780 pericolum
1491 1725 1638 1767 ineur-

35 1832 37 1843 .
73 1802 111 1830 2⁶
349 1797 450 1826 rere
485 1779 583 1839 [pro
615 1787 742 1827 certo
774 1784 914 1826 sciret
946 1783 1045 1826 add.
1077 1783 1135 1837 Β,
1169 1797 1247 1826 om.
1275 1783 1319 1825 A
1351 1798 1444 1827 cum
1475 1780 1637 1838 Fred.].

36 1846 38 1849 ’
145 1842 285 1886 Verba
322 1841 459 1897 iyitur
497 1856 606 1897 quae
645 1842 741 1886 dixi
778 1842 829 1886 in
869 1842 1167 1897 antiquissimo
1212 1844 1324 1897 quod
1369 1843 1550 1886 habebat
1589 1843 1638 1885 V.

142 1901 394 1946 C'olwmbani
434 1902 668 1956 exemplari
706 1917 795 1946 non
835 1903 994 1957 leyerat
1022 1901 1329 1957 Fredeqarius,
1371 1916 1496 1957 eoque
1535 1916 1641 1945 sane

136 1975 341 2005 consensu
380 1961 509 2005 classi
540 1961 584 2004 A
622 1976 789 2005 summa
829 1961 1063 2005 auctoritas
1102 1961 1303 2006 accedit..
1336 1962 1385 2004 Ε
1423 1961 1641 2005 contrario

135 2021 274 2064 altera
313 2021 465 2064 classis
503 2021 554 2064 in
590 2021 936 2075 interpolationis
975 2021 1257 2076 suspicionem
1295 2021 1411 2064 venit
1440 2025 1564 2076 atque
1594 2035 1641 2064 re

74 2098 112 2126 ao
135 2094 239 2124 vera
269 2081 320 2123 de
350 2080 561 2124 orationis
582 2081 785 2135 partibus
815 2081 972 2135 ayitur,
1014 2095 1122 2135 quas
1160 2080 1210 2124 in
1250 2081 1414 2124 calamo
1454 2080 1642 2124 auctoris

135 2139 320 2183 haesisse
359 2139 636 2193 manifestum
675 2144 748 2183 est.
812 2140 936 2183 Idem
984 2140 1076 2193 fere
1115 2142 1166 2184 de
1205 2140 1424 2196 plerisque
1463 2140 1642 2195 reliquis

136 2199 442 2243 additamentis
470 2199 516 2242 Β
547 2199 771 2243 dicendum
802 2204 885 2242 est:

191 2274 225 2303 c.
250 2264 290 2302 5.
354 2260 404 2302 Si
444 2260 707 2316 quempiam
748 2260 820 2302 his
862 2260 1017 2303 labere
1058 2261 1107 2302 in
1147 2260 1274 2303 vitiis
1315 2261 1639 2316 repperissenb‚

355 2315 537 2375 [quibus
570 2321 826 2361 humanum
866 2333 1013 2374 genus
1046 2320 1165 2362 solet:
1197 2321 1395 2376 astringi
1426 2320 1526 2362 add.
1559 2317 1639 2374 B];

75 2394 113 2422 ⁸⁶
191 2393 226 2422 c.
253 2383 320 2421 18.
351 2379 563 2435 reginam
594 2379 730 2422 aulae
765 2376 931 2435 [regiae
963 2379 1064 2421 add.
1096 2378 1153 2433 Β,
1187 2392 1266 2421 om.
1298 2377 1341 2419 A
1373 2393 1465 2422 c-um
1491 2376 1638 2434 Fred.]

42 2442 46 2447 ’
353 2439 652 2494 praefecisseiz
665 2452 673 2490 ;

193 2511 226 2541 c.
253 2501 320 2540 19.
354 2498 522 2540 Evenit
553 2512 675 2554 ergo,
718 2500 772 2540 ut
807 2499 924 2554 [post
955 2499 1053 2541 add.
1085 2497 1142 2551 Β,
1177 2512 1255 2540 om.
1288 2498 1332 2540 A
1365 2512 1458 2541 cum
1490 2495 1639 2554 Fred.]

352 2558 552 2613 quadam
584 2558 658 2600 die
691 2580 748 2585 —
779 2559 981 2609 veniret;

193 2630 226 2660 o.
250 2620 321 2659 20.
355 2617 506 2660 caelos
537 2617 725 2672 respicii]
759 2613 822 2672 [et
854 2618 921 2659 ait:
951 2619 1051 2660 add.
1078 2614 1160 2673 B]:
1196 2618 1440 2669 ‘Aeterne’
1474 2618 1640 2672 inquit,

55 2691 115 2718 Ao
354 2676 607 2728 ‘condit-‚01³3

170 2735 224 2780 *c.
249 2740 319 2778 30.
352 2737 582 2787 hortatur,
626 2738 680 2777 uh
712 2737 784 2778 sui
815 2737 987 2779 laboris
1032 2733 1252 2792 [praemio
1285 2737 1405 2779 vires
1437 2738 1683 2778 resumat*
1668 2751 1714 2784 ’.ρ
1726 2753 1772 2781 46

354 2796 454 2838 add.
486 2791 542 2848 B]
577 2795 916 2838 meminisoeret
951 2794 1051 2851 [que
1092 2797 1192 2838 add.
1224 2792 1298 2850 BJ,
1333 2819 1389 2824 —
1423 2795 1640 2846 erudiret,

354 2877 414 2883 —
435 2855 664 2897 adun-arei}
684 2876 756 2906 ——‚
781 2856 997 2898 edoearet
1021 2851 1219 2910 [erudire
1242 2878 1312 2906 —‚
1341 2856 1546 2897 adunare
1569 2878 1639 2906 --‚

355 2916 552 2957 educare
585 2910 660 2969 Β].
