2008 3302
461 237 631 282 IONAS,
647 238 777 275 VITA
797 239 1046 277 VEDASTIS
1071 241 1316 281 EPISOOPI.
1573 247 1645 283 299

356 363 477 404 esset
508 375 713 403 summus
754 363 967 417 pontifex
998 367 1046 407 et
1075 366 1263 408 terrena
1293 380 1386 409 non
1419 369 1643 417 metuens,

354 434 440 464 neo
471 434 626 476 regem
659 421 939 465 adolationis
971 425 1151 467 curavit
1181 425 1281 468 add.
1313 422 1386 482 B]‚
1419 427 1499 478 ait,

226 494 260 524 c.
286 484 327 523 9.
359 480 486 523 Heu
517 494 615 531 me,
651 475 777 596 {heu
809 496 890 524 me
922 483 1021 524 add.
1054 479 1128 539 B]‚

220 538 277 584 ib.
356 541 616 596 deportare,
669 540 935 584 dulcissime
968 545 1113 598 pater,
1147 544 1246 586 acld.
1279 541 1355 600 B]‚

46 596 53 647 J
92 617 116 646 5
194 603 323 645 0210.
357 599 490 642 Cum
541 599 742 642 subito
789 601 937 643 visum
986 605 1078 654 est,
1132 605 1187 645 ut
1232 627 1291 632 —
1338 609 1643 657 consumeret,

38 671 39 674 ¹
357 657 740 762 ffignziitsubito
781 660 881 702 add.
914 658 970 716 B]
1004 685 1062 690 —
1094 662 1261 706 cellola
1301 665 1542 707 incolomis
1580 681 1644 709 re-

141 779 246 824 Non
267 793 415 834 pauca
446 778 615 833 quidem
646 778 828 833 epitheta
860 780 1066 824 ornantia
1095 782 1303 836 verbaque
1333 782 1501 837 iterata,
1539 798 1647 838 quae

34 871 36 874 -
140 839 201 883 ad
229 842 386 882 textum
415 838 740 893 intelleyendum
772 853 875 893 opus
905 853 993 882 non
1023 845 1133 895 sunt,
1166 841 1280 884 inter
1309 842 1389 884 illa
1425 844 1646 897 deprehen-

80 917 118 945 ιο
140 899 315 953 duntur,
353 899 428 942 sed
454 897 647 954 yenuina
677 912 838 953 quoque
867 898 982 942 inter
1010 899 1090 942 illa
1120 914 1207 944 esse
1237 915 1324 944 non
1355 916 1512 957 neyem.
1573 903 1647 946 Ea

140 973 251 1015 quae
280 973 310 1002 a
339 958 385 1002 B
415 959 571 1002 absunt
599 959 771 1012 solaque
801 958 850 1001 in
881 959 924 1002 A
957 960 1177 1014 leyuntur:

197 1033 232 1063 c.
258 1022 328 1062 10.
359 1020 414 1061 ut
444 1019 633 1061 virtutis
665 1032 799 1062 suae
840 1016 909 1074 [ex
940 1020 1273 1076 suffragatione
1306 1036 1442 1065 suae
1475 1036 1553 1064 om.
1585 1022 1642 1076 B,

356 1077 481 1121 habet
509 1074 567 1134 A]
610 1079 815 1122 muneris
855 1083 1208 1123 monumentum
1245 1082 1507 1125 viventibus
1546 1083 1646 1126 reli-

50 1175 51 1183 ,
357 1140 522 1194 queret
554 1136 663 1192 (scil.
695 1137 849 1193 Deus),

39 1251 44 1255 ⁹
74 1215 118 1243 u
140 1199 270 1242 verba
300 1213 356 1242 ex
387 1198 722 1255 suffragatione
755 1213 865 1242 suae
894 1200 1139 1242 necessaria
1166 1204 1277 1254 sunt,
1310 1215 1403 1243 cum
1430 1201 1648 1255 yenetivus

142 1259 346 1303 muneris
385 1257 487 1301 inde
525 1259 724 1312 pendeat,
773 1262 896 1312 atque
935 1273 987 1302 ea
1026 1264 1145 1313 patet
1180 1274 1263 1314 per
1301 1260 1648 1304 homoeoteleuton

133 1317 448 1375 praetermissa
489 1332 588 1362 esse.
649 1317 850 1372 Denique
889 1320 1002 1373 quod
1030 1319 1087 1362 A.
1120 1319 1166 1361 B
1206 1334 1238 1362 c.
1276 1325 1314 1362 7.
1346 1319 1461 1363 inter
1490 1335 1533 1363 se
1564 1321 1646 1364 clis-

143 1382 320 1433 crepant
328 1393 343 1421 .-

226 1438 367 1482 corda
412 1434 688 1494 infidelium]
737 1437 781 1480 A
828 1436 907 1492 (cf.
951 1439 998 1481 V.
1040 1438 1223 1482 Golumb.
1271 1437 1312 1493 Ι,
1347 1444 1422 1482 27;
1471 1441 1647 1483 animas

40 1516 120 1544 ao
359 1494 741 1553 sacrificantum);
775 1500 915 1541 eorda
947 1500 1187 1541 hominum
1220 1500 1309 1542 Dei
1339 1499 1396 1553 B,

34 1576 35 1583 ¹
142 1557 258 1601 locus
287 1561 375 1600 tam
404 1557 659 1612 insipienter
688 1557 738 1600 in
767 1557 813 1600 B
844 1558 1093 1601 immutatus
1123 1563 1195 1612 est,
1226 1563 1274 1601 ut
1302 1558 1353 1602 in
1384 1559 1649 1602 contrarium

141 1631 267 1662 versa
305 1632 358 1662 ea
397 1617 637 1671 videantur,
679 1631 788 1672 quae
827 1618 1058 1673 scripserat
1096 1618 1366 1673 bioyraplius.
1429 1619 1650 1662 Ecclesiae

140 1677 439 1722 Atrebatensis
484 1677 679 1731 officium
725 1677 920 1721 divinum
965 1678 1094 1721 huius
1139 1678 1399 1722 recensionis
1438 1683 1649 1722 auctorem

35 1774 40 1782 ,
142 1741 242 1781 ante
272 1737 412 1781 oculos
441 1737 650 1791 habuisse,
699 1751 751 1781 ex
795 1737 956 1793 epiloyo
1002 1737 1271 1793 intellegitur,
1319 1738 1392 1782 ubi
1428 1745 1547 1793 qesta
1587 1739 1650 1781 vel

81 1815 119 1843 ιο
141 1795 356 1841 miracula
379 1797 520 1840 sancti
553 1796 710 1841 ‘coram
732 1797 987 1852 praesentia
1011 1797 1216 1851 fidelium’
1242 1798 1384 1854 ipsius
1414 1798 1498 1841 sibi
1529 1812 1650 1841 enar-

32 1857 35 1866 '
143 1857 290 1901 randa
320 1871 407 1901 esse
436 1857 598 1912 statuit,
631 1862 755 1912 atque
787 1858 896 1901 clero
921 1857 989 1900 illi
1009 1857 1123 1901 idem
1143 1857 1236 1900 sine
1258 1857 1384 1901 dubio
1406 1858 1650 1913 adscriptus

142 1921 247 1971 erat,
287 1916 441 1972 quippe
483 1917 557 1971 qui
596 1917 938 1961 intercessionem
978 1917 1119 1960 sancti
1152 1917 1306 1960 ‘coram
1348 1918 1522 1960 excels
1533 1917 1568 1959 o'
1599 1917 1650 1959 in

142 1976 256 2020 calce
285 1977 538 2020 exoraverit.
591 1978 753 2020 Notum
779 1982 918 2020 autem
943 1982 1004 2020 est
1023 1977 1164 2020 Deum
1190 1977 1391 2032 optimum
1415 1976 1649 2020 maximum

31 2092 34 2100 ι
142 2040 220 2080 aut
247 2036 460 2080 arbitrum
490 2051 682 2092 aequum,
715 2038 964 2090 clementem,
1003 2036 1172 2090 iustum,
1213 2041 1371 2080 rectum
1401 2041 1477 2079 aut
1506 2050 1649 2079 rerum

31 2111 46 2151 ἢ»,
81 2115 119 2142 ιο
143 2096 412 2151 conditorem,
447 2101 689 2151 creatorem,
722 2101 988 2152 repertorem,
1022 2101 1204 2140 satorem
1244 2111 1272 2138 a
1304 2097 1418 2139 Iona
1457 2100 1649 2139 ‘vocatum

43 2163 47 2178 ⁷
142 2170 242 2211 esse,
284 2157 397 2211 quod
425 2157 563 2212 paulo
601 2161 700 2200 ante
730 2157 780 2199 in
810 2161 991 2211 utraque
1022 2156 1264 2199 recensione
1294 2170 1445 2198 nomen
1481 2155 1646 2209 leqitur.

141 2215 295 2260 Etiam
344 2216 612 2271 doxoloyiam
658 2216 907 2271 ampliorem
956 2215 1217 2260 recensionis
1261 2215 1306 2258 B
1350 2215 1649 2269 interpolatam

143 2289 243 2331 esse,
276 2280 523 2331 comparata
555 2277 693 2320 Ionae
724 2276 1036 2330 consuetudine,
1068 2275 1198 2328 facile
1228 2275 1486 2329 intelleyitur
1499 2275 1525 2318 1.

32 2384 36 2393 .,
287 2336 454 2390 Itaque,
494 2340 675 2390 utraque
706 2336 948 2379 recensione
979 2335 1092 2378 inter
1121 2350 1165 2378 se
1196 2334 1471 2388 discrepante,
1515 2338 1650 2377 textus

38 2412 55 2443 ‘x
81 2412 119 2442 ω
144 2396 204 2439 ad
233 2395 393 2440 codices
413 2396 457 2438 A
478 2400 519 2439 et
539 2396 772 2451 praecipue
803 2397 863 2438 acl
891 2394 1218 2438 vetustissimum
1242 2395 1286 2437 A
1308 2399 1362 2437 la
1392 2395 1650 2447 formandus

144 2512 182 2559 1)
209 2513 351 2548 Classes
373 2514 540 2558 sinyulae
563 2515 616 2548 ita
641 2514 832 2548 desinunt:

478 2574 524 2610 A.
1270 2571 1312 2606 B.

215 2631 274 2667 oui
301 2634 356 2667 est
379 2631 498 2678 gloria
524 2635 561 2668 et
577 2632 775 2678 imperium
792 2633 861 2677 (ita
1007 2631 1065 2665 cui
1091 2632 1146 2665 est
1166 2629 1295 2674 honor,
1312 2630 1401 2674 laus,
1419 2629 1545 2674 virtus,
1568 2629 1648 2674 glo-

143 2681 254 2720 Ala;
284 2679 405 2715 honor
429 2683 467 2715 et
491 2680 515 2717 i.
541 2681 651 2722 A1b‚·
681 2680 799 2715 honor
825 2683 862 2715 et
933 2679 999 2723 ria,
1024 2690 1181 2723 regnum
1207 2678 1470 2721 sempiternum
1491 2688 1588 2711 nuno
1612 2679 1649 2711 et

81 2738 120 2765 40
143 2727 192 2773 gl.
218 2728 322 2764 Asa.
339 2731 374 2769 c)
396 2728 434 2763 in
452 2728 598 2763 saecula
619 2727 860 2764 saeculorum.
934 2738 1002 2772 per
1042 2725 1185 2760 infinita
1225 2725 1369 2760 saecula
1406 2725 1646 2760 saeculorum.

37 2775 44 2794 ²
143 2775 278 2812 Amen.
935 2776 1068 2809 Amen.

145 2823 200 2866 Cf.
222 2823 263 2860 V.
281 2823 358 2859 Joh.
376 2824 515 2860 Reom..·
541 2823 598 2858 eui
624 2825 679 2858 est
703 2822 822 2858 honor
848 2825 884 2857 et
910 2821 1028 2868 gloria
1051 2821 1089 2855 iu
1114 2820 1321 2856 seculorum
1347 2819 1479 2856 secula.
1506 2819 1647 2864 Amen3

149 2871 190 2908 V.
209 2871 366 2907 Columb.
393 2874 424 2905 et
449 2872 619 2907 Eustas:
654 2871 713 2905 cui
747 2874 801 2905 est
835 2870 954 2916 gloria
987 2869 1116 2914 (virtus
1142 2871 1179 2903 et
1212 2868 1332 2903 honor
1363 2869 1402 2904 V.
1428 2868 1546 2912 Επεὶ.)
1581 2878 1649 2912 per

144 2918 268 2954 omnia
292 2930 320 2956 s.
345 2930 373 2954 s.
398 2921 445 2956 A.
