2008 3302
387 303 432 338 16
673 300 839 347 IONAS,
857 299 1021 336 VITAE
1046 297 1353 335 GOLUMBANI
1377 297 1523 334 LIBRI
1547 297 1600 336 H.

385 428 573 466 votorum
598 422 824 465 diversitas
845 420 1058 477 profectui
1081 425 1257 474 noceret,
1286 434 1518 475 omnesque,
1548 419 1742 474 quamvis
1765 418 1889 462 multi

385 487 531 536 essent,
574 484 634 525 ad
672 496 766 524 eum
806 481 1022 535 deleqavit,
1064 480 1138 534 qui
1178 480 1271 523 Deo
1310 480 1432 522 iuxta
1472 480 1611 523 altare
1650 479 1887 522 serviturus

384 546 489 585 esset
512 543 565 584 ab
591 541 707 583 Aido
732 540 922 595 episcopo
954 539 1224 583 benedictum.
1284 539 1470 583 Causam
1493 538 1701 594 propriae
1730 538 1888 596 ruinae

382 601 473 643 iam
495 600 715 655 perspeoeit
744 615 836 643 eam
867 600 1015 653 fuisse,
1047 601 1160 654 quod
1189 613 1331 642 omnes
1361 598 1570 642 adiuvare
1598 597 1798 641 voluisset
1821 597 1887 642 vel
1929 628 1934 632 -
2006 603 2008 606 ’

382 660 550 714 invitos,
591 661 704 703 unde
742 659 930 714 undique
969 659 1246 715 impuqnatus
1276 662 1406 713 esset,·
1449 672 1726 701 successorem
1756 656 1889 700 voluit
1909 673 1930 700 a

373 719 698 775 prudentiorem
737 734 780 762 se
819 719 1082 762 diversitatis
1119 732 1285 761 morum
1324 718 1626 772 qualitatumve
1668 716 1886 760 hominum

382 779 594 823 rationem
644 779 902 833 habiturum,
956 793 1049 822 cum
1099 792 1187 821 non
1233 777 1380 820 omnia
1425 777 1618 820 omnibus
1663 775 1886 820 convenire

380 839 544 882 monita
574 839 813 882 didicisset:
846 842 957 891 esto,
989 837 1142 892 inquit,
1175 838 1422 894 multiplex
1447 838 1507 880 ad
1531 851 1689 880 curam
1710 850 1884 888 eorum,

382 900 461 954 qui
492 900 579 942 tibi
611 899 914 942 oboedierinh.
984 897 1108 941 Cavit
1145 896 1292 952 iyitur,
1334 911 1387 940 ne
1429 910 1510 950 quo
1539 910 1631 939 una
1661 896 1886 950 eademque

380 958 549 1001 ratione
589 972 731 1001 omnes
771 961 1029 1000 tractaverat
1059 970 1202 1000 errore
1237 958 1378 999 eodem
1409 969 1666 999 successores
1695 954 1885 1009 implica·
1910 971 1946 999 10
2003 1003 2005 1006 ,

380 1022 542 1060 rentur.
606 1018 724 1060 Loca
754 1022 892 1060 autem
923 1016 964 1059 si
997 1016 1227 1070 placerent,
1267 1020 1315 1058 ut
1344 1015 1394 1058 in
1424 1015 1539 1058 mille
1568 1014 1692 1057 milia
1721 1014 1885 1067 fratres

380 1082 622 1131 crescerent,
655 1075 1010 1119 vehementissime
1041 1075 1263 1130 eoeoptavit.

525 1135 738 1180 Scribenti
768 1135 837 1178 illi
867 1135 1046 1178 nuntius
1085 1134 1329 1189 supervenit
1366 1148 1517 1177 navem
1550 1137 1758 1187 paratam
1797 1147 1885 1177 esse

379 1210 584 1249 narrans,
631 1209 717 1250 qua
761 1194 923 1238 invitus
966 1194 1017 1238 in
1062 1193 1324 1237 Hiberniam
1368 1197 1670 1248 reportaretur.
1742 1191 1885 1236 Navis

379 1256 600 1310 quaedam,
642 1269 750 1309 quae
791 1255 1027 1298 Scottorum
1065 1268 1223 1297 merces
1262 1255 1503 1307 advexerat,
1546 1266 1708 1295 omnem
1746 1251 1885 1307 ipsius
1910 1267 1945 1295 ιε

378 1315 672 1369 supellectilem
702 1314 948 1368 comitesque
978 1317 1216 1368 receperat,·
1244 1312 1376 1356 undis
1396 1326 1494 1355 vero
1515 1313 1575 1356 ad
1603 1311 1707 1355 litus
1729 1311 1885 1356 reiecta

370 1389 454 1429 per
479 1374 669 1418 triduum
699 1374 762 1417 ibi
790 1374 1055 1417 detinebatur
1078 1387 1211 1427 neque
1240 1373 1334 1416 vela
1353 1372 1403 1415 in
1423 1372 1558 1415 altum
1577 1372 1683 1415 dare
1700 1375 1883 1427 poterat,

370 1434 629 1488 priusquam
651 1438 786 1477 nauta
801 1447 909 1488 quae
930 1435 990 1476 ad
1007 1437 1201 1476 sanctum
1213 1431 1490 1486 pertinebant
1502 1445 1572 1474 res
1587 1430 1847 1485 exposuisset
1855 1431 1886 1486 ²,

379 1494 430 1536 Is
459 1494 508 1536 in
539 1492 767 1547 hospitium
794 1507 917 1536 suum
935 1492 1026 1535 iam
1047 1492 1229 1547 rediens,
1262 1492 1378 1534 nullo
1405 1492 1604 1544 obstante,
1629 1491 1764 1545 paulo
1785 1494 1887 1545 post

379 1555 438 1596 ad
489 1552 785 1596 Cblotharium
832 1551 1186 1595 Neustrasiorum
1231 1565 1370 1606 reqem
1415 1549 1604 1593 transiit.
1684 1549 1884 1594 Custodes
1907 1567 1945 1607 no

379 1617 518 1655 autem
557 1612 641 1656 sibi
678 1613 1011 1667 qratulabantur
1043 1611 1385 1666 potentissimum
1427 1610 1550 1653 illum
1588 1609 1677 1653 Dei
1715 1623 1883 1654 servum
2001 1606 2008 1707 ³*

376 1672 572 1715 illaesum
603 1672 796 1726 evasisse,
838 1671 992 1726 diuque
1030 1670 1121 1714 iam
1160 1671 1310 1725 fuqam
1340 1670 1432 1713 eius
1463 1673 1794 1724 expectaverant,
1834 1667 1886 1713 id
2002 1665 2003 1669 ¹

377 1734 489 1786 quod
525 1732 616 1786 ipse
655 1736 829 1775 testatus
865 1733 978 1774 est2:
1024 1731 1086 1783 Si,
1127 1730 1280 1785 inquit,
1327 1731 1506 1786 fugero,
1555 1729 1713 1773 nullus
1752 1731 1883 1772 vetat)
2004 1711 2008 1751 Ι

377 1794 554 1843 custos;
593 1807 699 1835 nam
733 1793 820 1834 hoc
851 1792 1071 1834 videntur
1101 1791 1234 1842 velle,
1268 1792 1322 1832 ub
1354 1804 1440 1846 ego
1470 1789 1664 1845 fugiam.
2002 1758 2008 1853 1

528 1851 812 1894 Columbanus
848 1849 1240 1905 pereqrinationem
1285 1864 1409 1892 suam
1448 1849 1602 1892 iterum
1646 1847 1883 1902 suscipiens
1906 1865 1945 1904 ss
2004 1855 2008 1904 4

375 1925 507 1964 neque
547 1911 596 1953 in
634 1910 879 1954 Ohlotharii
918 1924 1048 1965 reqno
1079 1908 1303 1953 consistere
1333 1909 1487 1962 volens,
1529 1906 1750 1962 castiyatis
1779 1921 1882 1962 quos
2005 1905 2008 1958 1

374 1970 424 2013 in
464 1971 567 2013 aula
604 1970 725 2025 reqia
765 1970 1096 2024 deprehenderat
1133 1968 1364 2023 erroribus,
1406 1971 1677 2011 commeatum
1717 1981 1746 2010 a
1785 1980 1882 2022 reqe
2006 1959 2008 2004 f

367 2029 506 2085 petiit,
548 2034 595 2072 ut
634 2031 693 2073 ad
728 2030 1063 2072 Theudebertum
1093 2030 1414 2084 perduceretur.
1482 2027 1703 2082 Expulsus
1736 2025 1881 2082 primo
2007 2032 2008 2035 ’

371 2093 514 2143 qentes
552 2089 730 2132 visitare
770 2089 910 2143 eisque
949 2088 1217 2144 evanqelium
1250 2087 1512 2142 praedicare
1552 2086 1879 2140 desideraverat,
1998 2126 2002 2141 ·,

374 2150 449 2191 sed
487 2151 536 2192 de
576 2163 723 2192 earum
763 2153 900 2203 tepore
940 2148 1094 2191 certior
1137 2148 1279 2201 factus
1325 2146 1550 2190 consilium
1593 2145 1705 2189 illud
1740 2158 1881 2201 paene
1905 2163 1942 2203 aq

374 2208 639 2263 abiecerat3,·
669 2213 769 2252 tunc
788 2208 838 2251 in
859 2207 1040 2251 Italiam
1065 2208 1363 2251 transcendere
1387 2206 1591 2261 cupiebat,
1617 2219 1698 2260 quo
1713 2218 1880 2260 papam

342 2269 642 2313 ‚consulturus
690 2268 776 2311 iam
820 2268 896 2311 diu
937 2267 1142 2322 *abiisset
1188 2266 1280 2310 nisi
1324 2266 1514 2320 corporis
1557 2264 1797 2319 infirmitas
1841 2269 1882 2308 et

375 2341 480 2369 cura
519 2327 883 2370 contubernalium
929 2341 1102 2369 suorum
1148 2326 1290 2382 ipsum
1330 2325 1575 2369 retinuisset
1585 2325 1615 2367 ⁴.
1677 2328 1767 2368 Iter
1796 2338 1880 2379 per

375 2386 574 2428 Parisios
613 2387 780 2439 faciens
819 2387 870 2429 in
909 2386 1060 2440 oppido
1091 2385 1310 2443 Meldensi
1356 2390 1396 2428 et
1438 2385 1488 2428 in
1533 2384 1638 2427 villa
1678 2383 1878 2428 Vulciaco

375 2447 521 2488 domus
556 2446 847 2488 nobilissimas
887 2447 991 2488 adeo
1030 2444 1115 2488 sibi
1154 2445 1336 2499 fideique
1375 2459 1479 2488 suae
1518 2443 1791 2498 devinciebat,
1832 2447 1880 2486 ut
1902 2461 1939 2497 ⁸⁵

373 2518 460 2547 non
499 2506 632 2548 solum
667 2505 838 2559 maqnis
876 2504 1108 2547 honoribus
1152 2504 1291 2558 ipsum
1337 2503 1584 2558 reciperent,
1630 2503 1706 2546 sed
1749 2502 1880 2546 etiam

373 2564 527 2607 liberos
562 2564 602 2607 ei
641 2566 700 2607 ad
738 2564 1063 2607 benedicendum
1103 2564 1316 2616 offerrent,
1358 2563 1432 2618 qui
1454 2567 1606 2616 postea
1636 2561 1758 2606 novis
1785 2575 1877 2606 con-

373 2623 475 2666 ditis
514 2623 786 2667 monasteriis
825 2623 1064 2666 doctrinam
1103 2623 1373 2677 requlamque
1412 2622 1504 2665 eius
1534 2626 1574 2665 et
1602 2622 1688 2676 ipsi
1718 2636 1876 2676 propa-

369 2688 591 2737 9averunt.
650 2684 964 2726 Theudebertus
988 2697 1076 2736 rex,
1110 2684 1169 2725 ad
1198 2696 1318 2736 quem
1341 2686 1441 2736 post
1460 2682 1551 2725 eius
1572 2681 1732 2725 abitum
1753 2680 1877 2724 multi
2006 2722 2008 2728 ⁴

371 2743 460 2785 iam
499 2743 661 2796 fratres
700 2743 894 2786 Luxovio
933 2757 976 2785 se
1016 2743 1291 2796 contulerant,
1332 2746 1372 2785 et
1410 2742 1502 2785 loca
1542 2745 1779 2796 opportuna
1817 2741 1879 2784 ad
1899 2760 1936 2786 40
2007 2747 2008 2795 ζ

372 2802 682 2846 consistendum
708 2807 752 2846 ‚et
781 2802 976 2845 nationes
1011 2801 1237 2857 proximas
1277 2802 1336 2844 ad
1365 2801 1710 2856 praedicandum
1740 2801 1780 2844 ei
1811 2801 1875 2843 ob*
2005 2842 2008 2878 ¹

370 2919 408 3010 Β
429 2920 474 3000 ᾗ
495 2919 648 3004 Οοῑτῖφῦηὲ.
667 2919 698 2962 I,
717 2921 773 2955 23.
848 2918 886 2963 2)
908 2919 1120 2954 Columbani
1136 2918 1291 2962 epistula
1306 2919 1329 2954 l.
1350 2919 1372 2954 l.
1385 2930 1425 2962 p,
1442 2919 1521 2954 169.
1596 2918 1633 2964 3)
1659 2918 1717 2954 Ib.
1736 2928 1776 2962 p.
1794 2918 1872 2954 16⁷.

477 2995 484 3003 .
506 2980 543 3012 p.
636 2996 643 3003 .
