2008 3302
449 295 618 343 IONAS,
641 296 802 333 VITAE
828 295 1137 333 OOLUMBANI
1161 292 1307 332 LIBRI
1331 296 1385 335 ΙΙ.
1627 300 1673 335 13

160 419 230 464 illi
258 419 527 473 fruebantur.
586 419 875 463 Theudericus
888 420 903 446 1
934 419 1049 463 enim
1079 433 1157 462 rex
1185 418 1475 475 Burqundiae
1506 424 1672 463 tantum

161 481 320 533 aberat,
352 483 400 522 ut
427 478 522 522 viro
552 483 699 522 sancto
723 478 915 523 iniurias
939 479 1134 532 inferens
1157 479 1273 522 iram
1294 479 1383 522 Dei
1405 484 1672 534 provocaret,

161 543 210 583 ut
238 543 387 583 contra
427 539 674 593 frequenter
703 538 841 593 ipsum
873 538 1057 582 visitans
1088 539 1303 582 orationes
1334 539 1425 582 eius
1454 539 1673 583 humiliter

161 598 352 643 ambiret.
405 598 512 654 Ipso
543 597 656 641 enim
686 598 966 642 intercedente
989 599 1040 641 in
1059 612 1238 653 reqnum
1259 599 1472 642 caelorum
1501 598 1673 643 intrare

117 672 138 700 ο
161 657 381 714 coqitabat,
429 671 555 712 quam
596 657 781 702 maxime
817 659 1072 713 qratulatus,
1121 662 1209 701 tam
1255 659 1473 712 efficacem
1504 673 1671 702 servum

158 717 247 762 Dei
292 717 343 761 in
382 717 544 772 finibus
583 717 674 761 suis
714 718 962 762 consedisse.
1024 717 1208 761 Interim
1252 717 1386 761 vitam
1431 719 1670 773 anqelicam

158 777 334 822 minime
364 778 547 832 deqerat,
571 777 842 834 peccatisque
864 777 1094 821 contractis
1114 777 1234 821 haud
1259 778 1426 833 paucis,
1460 779 1510 821 de
1534 779 1672 821 salute

158 851 239 882 sua
264 851 405 894 paene
435 839 663 894 desperare
683 841 871 893 poterat.
923 837 1037 880 Inde
1067 851 1120 880 ex
1149 842 1301 891 quarto
1326 838 1486 881 decimo
1517 837 1671 881 aetatis

159 911 276 942 anno
296 901 496 952 quattuor
511 911 532 940 e
552 896 798 940 concubinis
813 897 929 951 filios
941 901 1150 952 qenuerat
1167 897 1443 952 ultimumque
1459 913 1499 941 a.
1516 895 1667 953 606s7.

7 935 11 992 ἶ
56 956 74 1011 j
99 971 135 998 ιο
149 971 202 1015 p.
231 956 337 1001 Chr.
398 957 684 1001 Columbanus
714 971 852 1012 reqem
881 971 926 1000 se
955 957 1294 1011 frequentantem
1325 957 1526 1000 luxuriae
1556 958 1669 1001 vehe-

157 1016 416 1061 mentissime
434 1016 696 1071 increpabat,
730 1018 975 1071 admonens,
1006 1021 1056 1060 ut
1085 1016 1270 1072 leqitimo
1291 1017 1442 1073 potius
1473 1017 1670 1072 coniuqio

158 1081 372 1121 contracto
402 1091 454 1120 ex
480 1076 725 1120 honorabili
745 1076 898 1132 reqina
919 1076 1073 1120 liberos
1098 1081 1359 1133 procrearet.
1412 1076 1670 1133 Discipulus

157 1136 358 1192 maqistri
380 1136 624 1193 praeceptis
655 1138 946 1193 obtemperans
976 1151 1020 1179 se
1046 1136 1096 1180 id
1114 1137 1332 1190 facturum
1353 1151 1441 1180 esse
1464 1137 1671 1193 promisit

149 1195 461 1254 promissisque
490 1195 614 1251 stetit,
649 1211 750 1239 nam
773 1197 1124 1251 Ermenberqam,
1156 1196 1297 1250 filiam
1317 1196 1525 1240 Betterici
1554 1197 1669 1252 reqis

7 1258 10 1264 '
64 1271 65 1274 ¹
86 1269 133 1297 ἰε
166 1256 512 1312 Wisiqothorum,
534 1270 632 1298 mox
651 1255 702 1299 in
722 1256 1044 1299 matrimonium
1065 1255 1189 1300 duxit
1202 1258 1229 1298 2.
1281 1256 1454 1311 Reqina
1478 1256 1668 1312 leqitima

155 1315 207 1360 in
246 1315 470 1372 palatium
519 1315 782 1370 introducta,
835 1330 886 1359 ea
937 1329 1066 1370 quam
1115 1316 1426 1360 Brunechildis
1476 1316 1579 1359 avia
1630 1321 1669 1359 et

162 1375 341 1420 Teudila
381 1389 504 1418 soror
542 1376 663 1431 apud
700 1389 839 1430 reqem
878 1389 925 1418 eo
963 1389 1095 1430 usque
1132 1375 1406 1419 obtinuerant
1434 1376 1668 1419 auctoritas

151 1434 492 1492 periclitabatur,
515 1448 648 1489 quare
663 1439 844 1489 utraque
863 1434 1007 1491 ipsam
1027 1434 1216 1478 invisam
1232 1436 1407 1478 reddere
1428 1436 1664 1479 laborabat.

11 1525 53 1548 ι,
155 1495 389 1540 Praeterea
418 1508 548 1550 quam
576 1494 862 1538 Columbanus
891 1495 1073 1538 habebat
1100 1494 1166 1538 vis
1195 1495 1445 1550 firanyenda
1475 1500 1580 1550 erat,
1613 1510 1666 1539 ne

12 1567 14 1569 ·
93 1567 132 1595 no
155 1569 234 1599 rex
271 1554 460 1611 amplius
498 1554 696 1598 secundis
738 1554 919 1598 auribus
958 1554 1168 1610 acciperet
1201 1554 1388 1598 monitus
1420 1555 1664 1599 *salutares

158 1614 343 1659 Sanctus
373 1618 513 1658 autem
551 1614 644 1670 ipse
674 1614 1023 1658 adversariorum
1054 1615 1220 1658 labores
1251 1614 1348 1658 totis
1377 1614 1543 1659 viribus
1563 1629 1665 1670 pro-

153 1675 353 1729 movebat,
384 1673 798 1730 importunissimum
821 1674 872 1717 in
889 1688 1025 1729 ,qenus
1044 1674 1208 1729 reyium
1230 1675 1401 1729 passim
1426 1689 1470 1718 se
1497 1689 1662 1730 qerens.

87 1772 90 1773 γ
118 1790 122 1791 ⁷
153 1734 298 1778 Filios
327 1734 442 1778 enim
471 1734 586 1789 reqis
611 1749 639 1777 a
662 1734 955 1778 Brunechilde
982 1735 1212 1790 productos
1243 1734 1484 1778 benedicere
1515 1736 1662 1790 noluit,

153 1794 279 1850 quasi
309 1809 330 1838 e
361 1793 647 1848 lupanaribus
677 1794 956 1837 emersissent.
1019 1793 1140 1839 Unde
1172 1799 1375 1838 commota
1405 1795 1559 1849 reqina
1588 1795 1664 1838 im·

44 1871 45 1874 ¹
93 1867 131 1895 2⁶
144 1853 333 1911 peravit,
374 1868 428 1898 ne
466 1854 688 1897 monachis
727 1858 850 1897 extra
888 1854 1195 1897 monasterium
1239 1854 1323 1898 iter
1354 1859 1526 1910 pateret
1563 1870 1665 1899 neve

153 1913 358 1958 subsidiis
378 1929 406 1958 a
426 1913 583 1957 vicinis
604 1914 906 1957 relevarentur.
962 1915 1083 1968 Quod
1101 1919 1150 1956 ut
1168 1915 1384 1957 tolleretur
1398 1917 1662 1969 mandatum,

162 1973 447 2018 Columbanus
477 1975 538 2017 ad
565 1987 704 2028 reqem
735 1975 853 2028 apud
883 1973 1099 2028 Spissiam
1128 1973 1276 2017 villam
1309 1974 1531 2029 publicam
1561 1975 1664 2018 resi-

153 2034 316 2077 dentem
362 2048 406 2077 se
451 2033 628 2077 contulit
676 2048 808 2088 neque
859 2047 957 2077 vero
1007 2034 1141 2076 ullam
1193 2034 1284 2077 eius
1334 2034 1666 2088 hospitalitatem

153 2093 327 2150 accepit,
368 2095 443 2137 sed
472 2097 728 2149 contemptor
755 2093 926 2148 qratiae
965 2093 1110 2148 reqiae
1149 2093 1299 2136 extitit.
1363 2093 1664 2137 Nihilominus

35 2169 44 2178 -·
92 2167 129 2195 so
151 2167 230 2197 rex
255 2153 504 2220 praesaqiis
534 2153 788 2207 quibusdam
818 2153 960 2206 futuri
993 2152 1182 2208 periculi
1212 2157 1438 2196 commotus
1467 2158 1664 2197 sanctum

151 2213 291 2268 ipsum
313 2227 404 2256 cum
428 2212 531 2256 avia
550 2212 754 2267 visitavit,
779 2212 950 2255 veniam
963 2212 1193 2268 petiturus.
1243 2214 1330 2256 Sed
1347 2227 1445 2255 mox
1464 2214 1665 2268 neqlectis

150 2273 259 2316 votis
288 2272 381 2316 suis
412 2274 471 2316 ad
499 2272 632 2315 vitam
653 2271 852 2328 priorem
882 2272 1022 2325 rediit,
1056 2286 1252 2339 annoque
1282 2277 1385 2330 post
1416 2271 1475 2327 (a
1500 2277 1582 2315 607
1588 2271 1635 2327 s8
1632 2272 1660 2328 )

150 2333 488 2387 Ermenberqam
540 2331 754 2375 thesauris
804 2331 1033 2388 spoliatam
1082 2331 1133 2375 in
1178 2332 1432 2388 Hispanias
1481 2333 1660 2376 remisit.

20 2424 21 2429 3
157 2392 318 2447 Quibus
354 2392 528 2446 auditis,
569 2391 855 2435 Golumbanus
895 2391 1060 2435 litteras
1089 2391 1310 2435 minarum
1341 2392 1480 2436 verbis
1503 2393 1664 2448 plenas

16 2450 30 2511 *j
89 2466 127 2494 υτ»
150 2453 210 2496 ad
238 2466 377 2507 reqem
408 2452 534 2506 dedit,
575 2451 1048 2495 excommunicationem
1078 2451 1371 2506 comminatus,
1413 2452 1453 2495 si
1481 2458 1664 2509 peccata

30 2524 35 2531 '
149 2514 374 2556 emendare
405 2511 611 2564 differret.

293 2571 480 2615 Interim
512 2571 682 2614 diversa
718 2571 943 2627 paschatis
981 2572 1258 2615 celebratione
1290 2572 1487 2616 ecclesiae
1525 2573 1661 2616 Galli-

149 2646 285 2676 canae
315 2635 452 2675 status
482 2633 587 2674 adeo
609 2633 961 2686 perturbabatur,
994 2635 1042 2674 ut
1071 2631 1300 2675 videndum
1331 2637 1447 2686 esset,
1479 2647 1533 2675 ne
1558 2632 1664 2686 quid

149 2706 218 2735 res
241 2691 420 2747 publica
452 2690 693 2734 detrimenti
725 2695 899 2745 caperet,
943 2705 1116 2746 cumque
1155 2693 1209 2735 ab
1251 2691 1459 2747 episcopis
1497 2692 1660 2735 Colum·

13 2749 45 2792 3
87 2765 126 2792 40
150 2753 287 2795 banus
325 2750 416 2794 iam
453 2751 618 2794 delatus
657 2755 771 2805 esset,
815 2755 1031 2805 tamquam
1072 2752 1125 2794 ab
1167 2751 1363 2795 ecclesiae
1402 2751 1663 2795 Gallicanae

148 2810 336 2854 moribus
366 2810 621 2864 descisceret,
661 2824 738 2853 rea:
777 2810 870 2866 ipse
900 2810 1142 2854 Luxovium
1174 2811 1399 2867 proficisci
1430 2811 1657 2866 constituit,

149 2875 196 2914 ut
233 2870 480 2925 reliyionem
520 2869 658 2924 ipsius
697 2869 977 2913 eoeaminaret.
1040 2870 1360 2914 Monasterium
1405 2870 1658 2914 visitaturus

150 2974 187 3022 1)
215 2975 256 3012 V.
281 2975 435 3012 columb.
456 2976 489 3020 I,
509 2977 564 3014 18.
663 2977 699 3020 2)
724 2975 832 3012 Fred.
856 2976 928 3019 IV,
946 2977 1004 3012 30.
