2008 3302
4 122 8 135 0
16 125 23 135 ν

20 199 31 213 Ἰ,

24 222 45 259 ἑ.

32 265 54 291 ήῑῖ

28 296 42 357 ζΙς
415 290 582 336 IONAS,
601 289 765 328 VITAE
792 290 1100 327 OOLUMBANI
1124 290 1271 328 LIBRI
1292 291 1345 330 ΙΙ.
1589 295 1635 332 21

19 411 50 464 «ξ’
129 413 317 458 Pennice
376 413 522 466 (hodie
572 414 642 456 M.
695 412 872 468 Penice)
932 415 992 457 ad
1039 413 1329 468 possessiones
1383 414 1636 458 monasterii

4 505 48 547 ἐ
128 474 293 519 sedente
321 472 571 517 Oolumbani
592 486 826 517 successore
847 473 1034 528 accessit,
1057 487 1230 528 eamque
1250 474 1538 518 Adalwaldus
1558 488 1637 518 rex

7 543 50 595 ἧς
129 532 286 578 orandi
310 547 442 576 causa
467 532 655 576 Bobium
678 533 900 589 profectus
930 537 1083 588 roqatu
1109 533 1428 578 Theudelindae
1459 533 1635 589 reqinae

128 594 237 637 dono
268 592 410 646 dedit,·
447 592 546 646 ipsa
585 591 698 635 enim
740 606 834 636 eam
873 606 1019 635 amore
1059 592 1201 636 sancti
1240 593 1342 636 olim
1384 595 1636 637 ascenderat

4 648 47 700 ό
82 668 106 701 ι
128 652 188 698 ad
229 651 534 696 monasterium
570 666 635 708 pr
636 651 928 695 aevi.dendum
1006 651 1165 695 Omnia
1211 652 1391 707 denique
1432 653 1635 707 Bertulfo

6 706 54 825 ζ
127 711 249 756 tertio
295 711 439 755 abbati
486 712 540 755 ab
581 712 722 754 eodem
762 725 858 766 reqe
889 712 1024 766 paulo
1064 716 1163 755 ante
1202 717 1378 755 mortem
1416 712 1557 768 ipsius
1596 717 1637 756 et

38 815 46 821 ,
116 775 219 828 post
258 770 499 815 Sundrarit
543 771 788 824 defunctum
828 772 1085 824 confirmata
1124 775 1236 814 sunt.
1314 772 1419 816 Tres
1460 773 1634 816 chartae

5 819 51 943 Ξ
126 832 187 876 ad
214 844 292 875 nos
311 845 398 874 non
419 834 712 887 pervenerunt
731 829 822 873 nisi
843 845 927 886 per
947 831 1203 887 apoyrapka
1223 832 1353 874 multo
1376 832 1631 899 posteriora,

18 935 19 939 ,
125 889 175 934 in
218 890 371 946 quibus
416 894 541 934 notae
587 890 786 945 temporis
832 894 908 933 aut
953 891 1210 945 depravatae
1251 895 1327 934 aut
1368 906 1396 934 a
1437 891 1634 935 librariis

13 949 24 983 ’ἶ
62 968 103 1011 po
125 949 429 994 recentioribus
474 950 722 993 immutatae
767 954 888 1004 sunt,
937 954 1060 1004 atque
1097 964 1160 1005 pr
1161 955 1276 1005 opter
1315 950 1420 994 haec
1461 950 1633 1006 aliaque

53 1023 58 1026 ·
124 1009 256 1054 dubia
294 1009 344 1053 in
382 1009 664 1064 suspicionem
707 1010 808 1052 olim
847 1014 1064 1064 venerant,
1113 1011 1242 1054 donec
1280 1010 1439 1054 vindex
1484 1025 1630 1054 earum

123 1068 351 1113 surrexit.
323 1070 338 1095 1

5 1183 7 1193 ,
274 1140 550 1185 Chlotliarius
579 1155 657 1184 rex
684 1145 905 1195 postquam
937 1141 1208 1196 prophetiam
1248 1142 1389 1186 sancti
1429 1142 1516 1185 viri
1556 1142 1631 1185 im-

3 1218 12 1252 2
47 1235 53 1242 2
113 1201 279 1258 pletum
324 1214 412 1244 esse
450 1200 669 1270 intellexit,
716 1205 764 1243 ut
801 1215 895 1244 eum
934 1205 1217 1257 recuperaret,
1265 1202 1517 1245 Eustasium
1557 1201 1632 1256 qui

51 1273 101 1307 ,ἀι
122 1259 428 1304 monasterium
459 1235 727 1303 LuxoviEnse
756 1259 846 1302 iam
874 1261 1201 1315 yubernandum
1232 1265 1472 1315 susceperat
1507 1261 1631 1304 alios-

123 1333 203 1375 que
233 1319 390 1386 leqatos
419 1319 653 1374 sumptibus
674 1319 863 1386 publicis
891 1324 991 1374 post
1021 1334 1114 1363 eum
1144 1320 1276 1364 misit.
1346 1321 1632 1364 Columbanus

31 1379 50 1412 -Γ
115 1378 509 1446 pereyrinationem
547 1393 671 1422 suam
710 1378 800 1422 iam
839 1380 932 1432 fere
971 1380 1235 1423 concluserat
1272 1380 1469 1434 nulloque
1509 1382 1631 1424 modo

40 1447 42 1452 ’
124 1439 185 1484 ad
213 1442 379 1482 tantum
407 1438 492 1482 iter
520 1438 768 1492 faciendum
800 1438 1049 1482 commoveri
1080 1443 1263 1506 poterat,
1296 1441 1370 1482 sed
1408 1439 1458 1483 id
1495 1440 1630 1483 solum

16 1528 19 1529 ν
42 1550 45 1551 ⁷
125 1513 154 1542 a
182 1511 279 1554 reye
301 1497 504 1554 poposcit
536 1502 584 1541 ut
613 1498 748 1542 socios
779 1498 968 1541 Luxovii
998 1498 1165 1542 relictos
1205 1499 1255 1542 in
1294 1513 1418 1542 suam
1459 1500 1630 1543 tutelam

7 1544 39 1619 Ξ
61 1576 102 1604 20
123 1557 339 1613 reciperet.
408 1557 491 1613 Qui
527 1557 624 1601 licet
661 1573 688 1600 a
729 1562 875 1602 sancto
915 1558 1008 1601 viro
1041 1572 1124 1625 per
1164 1558 1278 1602 litter
1279 1573 1329 1602 as
1369 1559 1631 1602 vehementer

10 1630 12 1634 ’
41 1626 68 1666 γ’
125 1617 357 1686 castiyatus
387 1622 503 1672 esset,
536 1622 678 1661 tamen
707 1632 951 1672 supremam
980 1618 1119 1685 ipsius
1157 1619 1413 1662 voluntatem
1453 1619 1629 1674 diliqen-

12 1622 101 1924 ἐκ

124 1677 285 1722 tissime
320 1682 514 1722 executus
544 1677 835 1721 Luxovienses
875 1682 914 1721 et
953 1678 1115 1721 annuis
1154 1678 1346 1722 censibus
1386 1678 1552 1722 ditabat
1592 1683 1632 1722 et

17 1790 22 1796 ‘
70 1766 80 1770 e
124 1737 319 1781 dilatatis
348 1737 546 1781 terminis
571 1737 772 1804 omnique
802 1742 957 1781 conatu
986 1738 1095 1804 ipsis
1125 1738 1338 1781 auxilium
1362 1738 1628 1793 providebat,

42 1835 43 1838 ,
122 1794 188 1841 ita
232 1801 280 1840 ut
318 1796 570 1840 monasterii
614 1796 726 1852 reqii
766 1797 994 1853 privileyio
1033 1797 1124 1841 iam
1163 1798 1426 1851 fruerentur.
1498 1798 1631 1842 Anno

123 1861 263 1901 autem
283 1861 500 1900 transacto
520 1856 571 1900 in
590 1857 848 1900 monasterio
867 1857 1076 1901 Bobiensi
1099 1846 1385 1901 Columbanus
1406 1858 1631 1911 defunctus

124 1921 195 1972 est,
229 1916 388 1960 scilicet
422 1931 464 1960 a.
498 1921 598 1959 615.
634 1931 681 1971 p.
721 1916 836 1972 Chr„
878 1917 948 1961 die
990 1921 1060 1960 23.
1095 1918 1360 1961 Novembris.
1423 1918 1631 1972 Expletus

124 1975 236 2020 anni
280 1976 486 2030 circulus,
534 1976 656 2020 cuius
702 1977 840 2020 Ionas
884 1977 1079 2020 meminit
1090 1979 1118 2031 ²,
1166 1977 1254 2021 sive
1300 1993 1328 2020 a
1373 1977 1631 2020 monasterio

123 2035 333 2080 Bobiensi
353 2036 521 2080 condito
541 2050 615 2079 seu
638 2036 785 2090 potius
805 2052 834 2080 a
865 2037 1072 2091 leqatione
1101 2036 1345 2081 Chlotharii
1374 2037 1490 2091 reyis
1521 2036 1631 2080 colli-

23 2142 26 2143 .
121 2096 285 2151 ,qendus
315 2100 387 2150 est,
429 2110 470 2138 a.
505 2100 606 2138 614.
647 2095 923 2151 interpositus
953 2096 1090 2149 fuisse
1128 2096 1321 2150 videtur;
1361 2096 1452 2139 dies
1492 2101 1631 2139 autem

61 2172 101 2200 ιο
123 2155 361 2199 testimonio
401 2159 441 2198 et
469 2155 606 2198 Ionae
645 2160 685 2198 et
715 2155 1026 2211 Martyroloqii
1060 2155 1402 2211 Hieronymiani
1442 2155 1633 2199 auctoris

28 2222 66 2257 ’θ’
124 2215 318 2270 aequalis
349 2216 628 2268 confirmatus
658 2219 720 2258 est
731 2216 759 2257 3.
822 2215 932 2259 Dies
968 2215 1214 2259 emortualis
1255 2231 1295 2259 a.
1331 2219 1431 2258 615.
1472 2215 1523 2258 in
1564 2217 1632 2259 do-

32 2319 35 2322 ,
124 2274 331 2318 minicum
375 2273 543 2328 incidit,
590 2274 640 2318 id
683 2276 796 2329 quod
839 2289 927 2318 non
972 2275 1087 2330 fuqit
1129 2275 1376 2329 Wettinum,
1419 2276 1469 2319 V.
1510 2275 1632 2319 Galli

44 2366 46 2370 »
125 2349 160 2379 c.
183 2338 254 2378 26.
309 2334 494 2378 Sanctus
524 2338 755 2377 extremam
785 2335 877 2388 fere
907 2339 1084 2378 aetatem
1115 2334 1269 2390 attiyit,
1292 2348 1420 2390 quam
1441 2334 1633 2378 homines

31 2442 33 2447 ,
125 2396 272 2450 deqere
302 2394 378 2447 fas
406 2398 478 2437 est.
532 2393 792 2449 Peregrinos
822 2394 919 2438 illos
951 2395 1111 2438 Scottos
1142 2399 1278 2438 aetate
1298 2394 1389 2437 iam
1411 2399 1633 2449 provectos

27 2450 39 2472 '²'
62 2469 101 2498 ω
115 2454 271 2510 patria
301 2453 452 2497 relicta
487 2453 538 2497 in
576 2453 748 2497 Gallias
787 2453 1010 2498 advenisse
1049 2454 1151 2498 inde
1191 2453 1333 2510 colliqi
1372 2454 1479 2509 licet,
1522 2455 1635 2509 quod

125 2513 343 2558 duodecim
373 2512 507 2556 annis
527 2517 638 2568 post,
671 2513 831 2558 scilicet
860 2529 901 2557 a.
925 2518 1024 2568 603,
1056 2513 1248 2557 veterani
1275 2527 1474 2569 senesque
1494 2519 1631 2569 erant,

125 2573 234 2617 sicut
261 2586 395 2628 supra
426 2572 627 2627 diximus,
658 2573 901 2628 fratresque
932 2575 1070 2617 decem
1091 2578 1131 2617 et
1149 2578 1303 2628 septem
1325 2573 1414 2617 iam
1435 2574 1635 2629 luqebant

30 2642 42 2656 ²
126 2634 358 2687 defunctos.
441 2632 643 2676 Versibus
691 2633 882 2677 Adoniis
933 2647 1036 2688 quos
1081 2633 1256 2677 Fidolio
1308 2633 1445 2687 fratri
1495 2634 1634 2676 mutui

126 2692 266 2747 officii
306 2706 439 2736 causa
476 2691 762 2736 Columbanus
800 2693 921 2736 misit
957 2693 1101 2748 viyore
1141 2693 1282 2736 animi
1322 2694 1414 2746 fere
1452 2692 1635 2736 iuvenili

14 2791 19 2812 3
63 2767 103 2795 ιο
127 2751 378 2807 conscriptis
407 2751 484 2794 hos
514 2752 692 2796 subiecit
719 2752 1036 2797 hexametros4:

127 2869 163 2914 1)
194 2869 321 2904 Etiam
343 2870 520 2904 sermonis
544 2870 688 2913 antiqui
710 2872 858 2914 vestiyia
883 2871 1001 2905 adhuc
1025 2874 1242 2915 supersunt:
1274 2868 1502 2904 Mediolanio
1538 2873 1634 2914 (cum

126 2917 247 2961 Iona),
281 2916 443 2952 Atalane
475 2916 562 2960 dat„
597 2927 824 2961 mereamus,
863 2917 1071 2954 valeamini.
1192 2919 1230 2960 2)
1265 2917 1305 2953 V.
1335 2917 1488 2953 Columb.
1515 2917 1546 2960 I,
1574 2919 1633 2954 30.

109 2966 164 3010 ’3)
191 2965 245 3008 Cf.
264 2964 320 3000 (Ν.
341 2963 464 2999 Arch!
481 2964 567 3007 XX,
587 2976 629 3009 p.
645 2966 738 3006 338,·
762 2966 907 3010 XXIV,
929 2977 970 3010 p.
988 2967 1070 3002 314.
1144 2966 1181 3010 4)
1205 2964 1290 3001 MG.
1310 2965 1379 3009 Ep.
1397 2965 1471 3008 III,
1491 2976 1532 3010 p.
1552 2966 1634 3002 188.
