2008 3302
353 275 376 309 2
639 270 808 316 IONAS,
825 269 989 306 VITAE
1015 267 1323 305 COLUMBANI
1347 266 1494 304 LIBRI
1517 267 1571 306 Π.

353 395 542 438 nondum
565 393 699 447 plane
730 392 957 435 extinctum
989 395 1093 444 erat,
1126 390 1235 433 sicut
1265 404 1316 433 ex
1346 390 1395 433 V.
1421 389 1645 433 Desiderii
1675 386 1859 444 episcopi

364 452 620 497 Viennensis
665 451 806 505 colliqi
853 451 949 494 licet
961 451 987 504 ¹,
1040 450 1119 492 etsi
1164 449 1438 504 componendi
1488 449 1676 502 facultas
1718 461 1859 502 paene

355 516 598 557 exaruerat.
659 510 879 554 Ecclesiae
926 509 1181 553 Gallicanae
1223 508 1452 552 senescenti
1491 522 1625 551 novus
1663 507 1860 551 surculus

355 572 514 616 insitus
544 575 605 614 est
633 584 731 613 mox
762 571 844 613 late
875 569 1060 622 diffusus
1089 568 1438 623 immiqrantibus
1470 567 1636 611 Scottis.

501 631 855 674 *Columbano
887 630 989 672 duce
1019 628 1083 671 vel
1121 627 1352 671 (Ιοῑιιφηῖκι2
1388 627 1604 671 duodecim
1634 624 1862 670 monachi³
1885 641 1902 667 5

356 690 530 734 natione
572 689 703 733 Scotti
711 690 740 743 4,
788 703 896 744 quae
938 702 1043 743 qens
1088 702 1176 730 non
1222 691 1308 730 tam
1351 687 1540 741 leqibus⁵
1584 700 1713 741 quam
1757 683 1862 738 fidei

358 750 619 794 christianae
650 750 817 802 fervore
847 747 1037 802 reliquas
1077 751 1175 790 tunc
1215 747 1336 801 lonqe
1366 746 1631 801 praestabat,
1672 744 1760 788 viri
1790 745 1862 787 ad·
1889 767 1896 774 ·

357 810 525 852 modum
550 812 773 863 provectae
798 806 952 850 aetatis
976 821 1027 849 ex
1047 805 1268 849 Hibernia
1285 806 1472 859 profecti
1496 807 1557 849 ad
1573 803 1863 848 Britanniam

365 869 579 912 Gallicam
631 868 904 922 appulerunt,
957 866 1099 920 ibique
1140 865 1367 919 paulisper
1415 864 1639 919 remorati,
1693 864 1864 907 tandem

366 928 538 972 Gallias
569 927 690 970 adire
731 926 1039 970 constituerunt
1068 926 1128 968 ad
1156 939 1292 968 mores
1322 924 1541 967 hominum
1570 922 1862 978 inquirendos,
1891 939 1924 964 ιο

358 992 406 1031 ut
444 987 484 1030 si
521 986 701 1041 inqenia
740 985 1025 1040 repperissent
1064 986 1123 1027 ad
1157 985 1335 1027 salutem
1366 983 1654 1038 recipiendam
1684 981 1863 1034 habilia,

358 1047 516 1090 ibidem
537 1045 822 1098 consisterent,
849 1044 920 1087 sin
941 1043 1078 1097 aliter,
1101 1045 1162 1087 ad
1179 1043 1347 1086 vicinas
1367 1043 1564 1086 nationes
1583 1041 1865 1086 transirent⁶.

359 1106 477 1149 Erat
505 1109 645 1148 autem
679 1103 964 1148 Columbanus
993 1103 1044 1146 in
1064 1103 1339 1157 Laqenorum
1359 1102 1522 1155 finibus
1541 1106 1682 1156 natus,
1715 1101 1866 1144 libera-

361 1165 471 1208 libus
502 1163 656 1207 litteris
687 1179 715 1206 a
750 1162 945 1217 pueritia
974 1176 1105 1216 usque
1134 1162 1195 1205 ad
1226 1161 1395 1204 virilem
1425 1165 1603 1205 aetatem
1633 1160 1864 1214 institutus,

364 1270 400 1316 1)
429 1269 483 1312 Cf,
510 1269 573 1305 SS.
600 1269 644 1307 R,
671 1268 804 1303 Merov.
822 1267 896 1311 III,
916 1278 956 1311 p.
975 1268 1057 1303 620.
1098 1267 1208 1301 Artes
1231 1267 1482 1301 Romanorum
1506 1266 1671 1301 urbanas
1695 1266 1868 1311 iomanis
1893 1272 1926 1298 15

362 1319 402 1352 in
429 1317 551 1352 Gallia
575 1316 781 1350 meridiana
812 1316 950 1349 diutius
974 1315 1196 1359 perdurasse
1230 1316 1369 1349 monuit
1391 1314 1442 1350 H.
1467 1314 1640 1358 Zimmer,
1665 1306 1780 1348 ‘Uber
1810 1313 1868 1348 dio

364 1365 572 1407 Bedeutunq
621 1364 680 1397 des
728 1363 885 1397 irischen
933 1362 1112 1397 Elements
1159 1363 1229 1404 fiir
1277 1362 1334 1396 die
1381 1362 1677 1397 mittelalterliche
1726 1361 1866 1397 Ouuur'

364 1411 621 1456 (‘Preussische
637 1410 882 1448 Jahrbu‘cher'
901 1411 1004 1454 1887,
1031 1410 1135 1454 LIX,
1159 1421 1195 1455 p.
1212 1410 1392 1452 27—59).
1473 1411 1511 1455 2)
1548 1409 1704 1454 Utroque
1726 1409 1869 1444 nemim

365 1461 478 1495 Ionas
502 1460 542 1493 in
564 1459 604 1495 V.
633 1459 706 1494 Col.
731 1458 762 1501 I,
789 1459 833 1493 2:
866 1456 1113 1492 columbanus
1148 1455 1210 1502 qui
1245 1459 1282 1491 et
1308 1455 1489 1491 Columba
1521 1460 1554 1491 et
1577 1457 1611 1502 I,
1639 1459 1705 1494 17:
1738 1456 1868 1493 boatus

365 1507 480 1553 igitur
505 1505 765 1549 Cqumbanm,
800 1504 917 1540 isdem
943 1504 1134 1550 Columba,
1169 1505 1266 1539 alias
1288 1505 1391 1539 modo
1415 1505 1491 1549 hoc,
1525 1505 1628 1540 modo
1652 1505 1716 1540 illo
1737 1506 1867 1540 utitur.
1893 1511 1929 1537 20

366 1556 523 1590 Sanctus
547 1555 622 1598 ipse
645 1555 684 1587 in
713 1554 876 1598 epistulis
908 1554 986 1588 suis
1018 1563 1144 1587 nomen
1169 1552 1360 1587 Columbae
1393 1554 1604 1597 anteposuit,
1639 1553 1736 1597 quod
1759 1552 1870 1588 Ionas

366 1603 539 1645 hebraice,
567 1602 751 1635 Peristera
772 1611 898 1644 ⁸qraece
925 1601 1087 1635 reddidit
1110 1600 1215 1644 (MG.
1241 1600 1311 1644 Ep.
1337 1600 1413 1644 III,
1434 1612 1472 1646 p.
1491 1602 1578 1642 176)
1601 1601 1780 1645 latineque
1802 1601 1870 1634 im—

366 1651 516 1684 mutavit
539 1650 580 1683 in
596 1648 814 1683 Palumbum
838 1648 902 1691 (ib.
921 1660 961 1692 p.
982 1649 1081 1692 170),
1105 1648 1165 1682 sed
1188 1649 1228 1682 in
1252 1658 1329 1682 una
1352 1658 1479 1682 earum
1502 1658 1612 1693 eaque
1631 1648 1870 1684 nausti-ema

367 1709 492 1733 nomen
525 1698 743 1732 convertitur
766 1696 829 1739 (ib.
851 1708 890 1741 p.
918 1697 1004 1735 156)
1029 1695 1227 1740 ‘Barqoma
1259 1697 1343 1730 vilis
1374 1696 1559 1740 cotumba’,
1594 1697 1620 1731 i.
1646 1707 1673 1732 e.
1698 1695 1871 1731 Bar-iona

369 1747 411 1789 fi
418 1746 458 1779 li
465 1755 518 1779 us
554 1745 752 1788 Columbae,
785 1754 895 1787 neque
927 1744 1048 1788 Ionas,
1085 1745 1138 1778 ita
1172 1748 1214 1777 ut
1243 1747 1350 1788 pater
1381 1744 1499 1788 ipsius
1523 1743 1713 1778 Columbae
1743 1753 1871 1778 nomm
1893 1749 1930 1776 25

368 1794 493 1827 tulisse
528 1792 704 1834 videatur,
741 1802 929 1835 versusque
962 1793 1027 1835 qui
1055 1793 1090 1825 ei
1117 1793 1213 1826 iusto
1245 1793 1325 1826 iure
1352 1791 1606 1826 attribuuntur
1629 1790 1694 1838 (ib.
1713 1802 1754 1836 p.
1781 1791 1870 1830 182)

370 1840 594 1875 acrostichon
630 1840 815 1882 efficiunt:
854 1837 1102 1874 Golumbanus
1136 1838 1323 1875 Hunaldo.
1374 1839 1463 1873 Cum
1498 1841 1614 1883 iqitur
1646 1849 1721 1874 non
1754 1839 1870 1874 solum

370 1888 603 1931 bioqraphus,
637 1888 698 1921 sed
729 1888 837 1920 etiam
861 1891 1006 1921 sanctus
1029 1888 1105 1932 ipse
1129 1891 1319 1931 utrumque
1342 1897 1469 1921 nomen
1494 1886 1740 1929 adhibuerint,
1773 1896 1869 1920 cum-

369 1946 436 1980 que
459 1935 518 1969 hic
544 1934 713 1969 Columba
736 1936 948 1978 nuncupari
969 1939 1118 1978 nequeat
1142 1936 1218 1968 nisi
1240 1935 1363 1968 addito
1387 1935 1550 1970 vocabulo
1573 1935 1726 1978 iuniore,
1760 1937 1801 1968 ut
1823 1933 1871 1968 ab

369 1983 493 2017 abbate
516 1983 658 2026 Hyensi
679 1983 818 2016 seniore
850 1983 1112 2026 distinquatur,
1151 1983 1316 2026 neqlectis
1348 1984 1585 2017 recentiorum
1618 1982 1725 2017 rebus
1756 1982 1870 2025 novis,
1896 1987 1931 2013 ³0

369 2041 495 2065 nomen
522 2030 738 2064 Columbam'
769 2033 850 2063 ante
884 2030 948 2064 hos
981 2041 1096 2064 annos
1119 2030 1236 2064 solum
1260 2031 1435 2065 usitatum
1459 2040 1604 2065 servare
1626 2031 1742 2064 visum
1764 2034 1817 2065 est
1840 2033 1872 2064 et

369 2078 515 2113 Funkio
539 2078 651 2120 (¹Zur
679 2077 799 2112 Gesch.
825 2078 889 2112 der
919 2077 1161 2112 altbritischen
1185 2077 1347 2121 Kirche',
1376 2077 1664 2122 ‘Kirchenqesch
1688 2076 1870 2113 Abhandl.

370 2127 446 2160 uud
478 2125 702 2159 Untersuch!
727 2125 760 2167 I,
784 2126 870 2170 430)
896 2129 927 2159 et
950 2125 1052 2161 mihi.
1166 2125 1203 2169 3)
1241 2125 1280 2159 Ε
1300 2125 1430 2170 quibus
1452 2125 1552 2159 solus
1575 2130 1682 2161 notus
1705 2129 1755 2160 est
1778 2125 1873 2160 alter

372 2173 620 2216 Columbanus,
658 2183 759 2216 quem
796 2183 840 2206 ex
875 2173 992 2207 eodem
1027 2182 1153 2216 qenere
1190 2183 1328 2217 unoque
1364 2177 1559 2208 commeatu
1595 2177 1626 2207 et
1659 2174 1800 2208 nomine
1828 2183 1873 2207 ex

370 2221 552 2255 Hibernia
573 2221 783 2264 processisse
807 2220 930 2264 Ionas,
958 2221 998 2255 V.
1025 2220 1179 2259 Columb,
1204 2221 1237 2263 I,
1256 2222 1312 2265 17,
1338 2221 1485 2257 rettulit.
1526 2221 1722 2255 Praeterea
1738 2221 1873 2255 scottos
1896 2225 1932 2252 ⁸⁶

370 2270 569 2303 nominavit
602 2279 618 2301 e
642 2268 929 2303 Fontanensibus
951 2268 1134 2303 monachis
1169 2268 1235 2302 hos
1260 2268 1500 2313 Comininum,
1525 2269 1724 2313 Eunaeum,
1750 2267 1872 2312 Equo-

370 2326 520 2358 nanum,
537 2316 623 2349 dum
640 2319 813 2359 quartum
833 2316 1051 2359 Gurqanum
1065 2327 1190 2359 qenere
1206 2316 1409 2351 Brittonem
1424 2318 1537 2360 fuisse
1554 2317 1725 2360 affirmat
1741 2316 1784 2361 (0.
1799 2316 1872 2361 13).

371 2363 410 2396 Ε
432 2363 615 2397 sodalibus
633 2363 845 2396 Columbani
868 2363 967 2407 lonqe
990 2364 1217 2398 clarissimus
1234 2364 1365 2398 Gallus
1388 2365 1452 2398 ille
1471 2368 1532 2407 est,
1556 2365 1660 2398 cuius
1682 2365 1777 2399 vitas
1793 2363 1872 2400 Sor.

371 2421 443 2448 rer.
469 2411 601 2445 Merov.
629 2410 696 2452 IV,
728 2421 765 2453 p,
792 2412 1010 2447 229—337.
1037 2412 1222 2447 edidimus.
1272 2411 1433 2456 Denique
1465 2413 1582 2456 {mins
1613 2413 1754 2446 comites
1784 2420 1872 2445 enu-

372 2458 539 2492 merandi
561 2461 644 2491 sunt
668 2458 870 2492 Autiernus
893 2461 936 2501 (c.
966 2460 1041 2502 11),
1074 2459 1157 2493 Lua
1190 2463 1223 2493 et
1245 2458 1456 2493 Potentinus
1486 2461 1532 2502 (c.
1558 2460 1635 2503 21),
1669 2460 1740 2494 sive
1764 2458 1876 2494 scotti
1897 2464 1933 2491 ιο

373 2509 487 2548 erant,
512 2506 582 2539 sive
605 2515 688 2539 non.
797 2506 835 2550 4)
865 2507 922 2548 Cf.
948 2507 1086 2541 Adami
1110 2504 1229 2541 Gesta*
1242 2505 1434 2541 Hammab.
1459 2507 1537 2542 eccl.
1562 2508 1692 2550 pontif.
1717 2507 1744 2541 I
1746 2505 1787 2550 V,
1806 2508 1872 2544 10:

372 2551 604 2596 Hyberniam
638 2550 833 2587 Scotorum
866 2554 1036 2599 patriam,
1071 2565 1166 2598 quae
1199 2565 1297 2589 nunc
1329 2553 1457 2589 Irland
1489 2553 1635 2590 dicitur.
1757 2554 1794 2599 5)
1831 2553 1873 2589 V.

375 2600 529 2634 Columb.
555 2600 586 2643 I,
611 2602 646 2636 2.
768 2601 804 2645 6)
839 2601 893 2635 Ib.
918 2602 950 2644 I,
975 2603 1008 2637 4.
1062 2602 1271 2646 Quaeritur,
1306 2606 1431 2636 utrum
1461 2603 1597 2636 vicinae
1629 2603 1794 2636 nationes
1818 2602 1874 2636 in-

372 2648 584 2691 telleqendae
616 2651 700 2681 sunt
733 2648 937 2682 Alamanni
975 2650 1107 2693 aliique
1137 2651 1282 2695 paqani
1313 2660 1362 2683 an
1395 2650 1500 2692 Itali,
1532 2651 1625 2684 sicut
1657 2651 1702 2686 A.
1728 2649 1873 2692 Hauck,

374 2695 659 2739 ‘Kirchenqesoh
699 2695 974 2730 Deutschlands'
1005 2697 1036 2741 I,
1070 2709 1110 2741 p.
1137 2699 1207 2734 263
1217 2696 1241 2741 ³,
1282 2698 1419 2732 statuit.
1482 2697 1581 2731 Certe
1619 2697 1872 2741 Columbanus,
1897 2703 1934 2730 45

374 2747 563 2786 antequam
588 2743 738 2776 Italiam
767 2744 928 2778 adeundi
958 2745 1146 2779 consilium
1180 2746 1270 2790 cepit
1292 2745 1358 2790 (V.
1384 2744 1537 2781 Columb.
1562 2745 1596 2789 I,
1621 2746 1698 2787 25),
1735 2743 1874 2789 ‘genten'

374 2801 410 2824 se
425 2792 657 2824 visitaturum
674 2796 815 2824 voverat
832 2791 934 2836 (MG.
952 2791 1022 2836 Ep.
1040 2793 1116 2836 III,
1137 2803 1177 2836 p.
1197 2794 1297 2835 167),
1322 2803 1468 2837 cumque
1484 2793 1685 2837 ‘proaeimas
1700 2791 1873 2827 natione-3²

380 2838 637 2872 Theudebertus
681 2839 716 2871 ei
749 2839 799 2872 ad
828 2839 1119 2882 praedicandum
1155 2840 1337 2875 obtulisset
1372 2841 1436 2884 (V.
1474 2839 1629 2878 Columb,
1656 2840 1687 2884 I,
1712 2840 1785 2885 27),
1825 2840 1875 2874 ad

375 2889 539 2966 &imum
578 2885 703 2928 rediit,
745 2887 780 2920 si
817 2887 912 2929 forte
952 2889 1079 2930 ‘qentes
1118 2889 1269 2923 vicinas'
1309 2892 1506 2922 convertere
1544 2888 1695 2931 valeret,
1746 2887 1875 2922 scilieet

425 2943 609 2967 amannOS.
1899 2941 1935 2968 50
