2008 3302
393 289 562 337 IONAS,
579 289 744 326 VITAE
769 290 1076 328 COLUDANI
1100 289 1247 327 LIBRI
1271 289 1324 327 Π.
1567 292 1614 332 53

108 413 158 459 in
185 427 272 468 qua
303 412 439 456 clerus
469 412 725 456 Gallicanus
754 412 906 456 ultima
937 427 1068 456 ausus
1099 417 1160 456 est
1189 416 1338 456 contra
1364 411 1616 456 Columbani

107 476 272 526 sectam,
304 486 424 526 quae,
458 471 548 515 nisi
573 473 833 516 vehementer
852 473 998 526 fallor,
1030 472 1184 516 victori
1204 472 1337 526 cessit,
1370 476 1468 516 acta
1493 472 1615 515 nulla

0 544 1 548 ’
30 558 32 578 1
107 535 333 588 supersunt
361 545 493 586 neque
523 531 750 586 quisquam
788 531 982 575 meminit
1011 536 1189 586 praeter
1218 532 1376 575 Ionam
1407 536 1612 575 nostrum.

0 553 38 699 f}
113 590 198 648 Qui
222 605 315 635 cum
337 591 474 645 paulo
493 595 593 645 post
614 591 854 634 Luxovium
879 591 1102 635 advenisse
1125 591 1333 645 videatur,
1366 591 1615 635 memoriam

7 652 13 692 .’
67 667 86 703 ρ
107 665 256 699 earum
287 664 430 694 rerum
451 651 680 694 etiamtunc
699 656 903 694 recentem
924 655 1169 706 remzererat
1187 651 1394 705 mortique
1415 650 1616 694 Eustasii

109 709 169 767 (a.
193 711 300 766 629)
333 710 517 763 fortasse
546 710 639 766 ipse
669 710 940 764 interfuerat,
974 725 1067 754 cum
1089 710 1292 765 pluribus
1316 725 1409 753 eam
1434 710 1615 764 descrip

109 770 222 815 serit.
270 769 467 824 Denique
488 771 548 814 ad
565 770 743 813 virtutes
762 770 811 813 in
831 770 1088 813 monasterio
1109 770 1393 813 Evoriacensi
1408 774 1616 826 patratas

108 835 390 884 transeamus,
423 831 483 873 ad
510 844 619 884 quas
649 830 841 874 lectorem
866 834 1015 874 auctor
1047 829 1140 884 (II,
1167 829 1214 884 7)
1247 829 1316 873 his
1343 829 1482 873 verbis
1513 830 1615 873 dele-

105 893 305 946 9averat:
338 890 395 932 In
427 905 517 946 quo
551 887 658 944 (scil.
685 889 964 946 monasterio)
997 893 1200 946 quantae
1225 891 1422 933 virtutes
1454 892 1616 946 postea

30 965 86 1005 ἰο
107 951 262 995 factae
301 950 492 1000 fuerint,
536 950 575 993 si
615 951 714 993 vita
755 965 906 993 comes
946 951 1103 1001 fuerit,
1150 951 1366 1006 prosequi
1405 950 1614 992 nitimur.

23 1022 30 1032 ⁸
109 1010 221 1056 Sunt
250 1009 343 1064 ipso
375 1014 472 1052 teste
503 1009 642 1064 siyna,
685 1023 793 1064 quae
830 1011 890 1053 ad
919 1009 1208 1053 exhortandas
1237 1010 1303 1052 vel
1333 1010 1617 1052 consolandas

28 1122 29 1126 η
106 1067 298 1125 virqines
318 1069 534 1113 Dominus
555 1071 845 1113 demonstrare
866 1069 1069 1124 dignatus
1091 1073 1163 1123 est,
1189 1069 1394 1124 inprimis
1418 1069 1614 1122 visiones,

108 1143 216 1186 quas
255 1129 444 1184 virqines
483 1129 534 1172 in
574 1129 772 1172 extremis
802 1129 971 1184 positae
1010 1128 1168 1172 vidisse
1208 1128 1293 1172 sibi
1328 1128 1446 1172 visae
1476 1133 1614 1182 erant,

0 1199 4 1227 ῒ
107 1188 330 1232 iuvenibus
359 1188 532 1243 ipsoque
557 1193 745 1232 creatore
765 1189 1084 1244 apparentibus,
1117 1189 1248 1232 caelis
1269 1188 1441 1243 apertis,
1475 1188 1617 1232 choris

1 1247 6 1250 )
43 1262 87 1306 μ
108 1248 315 1304 anqelicis
344 1248 518 1303 auditis,
550 1263 681 1303 eaque
711 1262 819 1302 quae
841 1253 941 1304 post
969 1253 1144 1292 mortem
1173 1248 1224 1291 in
1255 1249 1415 1292 cellulis
1445 1248 1616 1301 defunc-

109 1312 252 1353 tarum
301 1309 366 1352 vel
416 1308 464 1351 in
514 1307 689 1352 ecclesia
735 1310 955 1352 observata
1005 1313 1117 1362 sunt,
1169 1308 1370 1351 odoribus
1414 1307 1617 1351 suavibus

10 1366 43 1410 {³²
110 1368 377 1422 balsamoque
422 1368 706 1411 redolentibus
752 1367 1091 1423 *luminibusque
1133 1367 1252 1411 visis.
1321 1368 1444 1411 Haec
1485 1367 1616 1410 mira·
1642 1382 1657 1399 ·

5 1409 41 1509 ᾗ
109 1427 205 1475 cula
250 1442 302 1472 ea
347 1442 475 1482 quam
526 1429 644 1482 apud
692 1427 883 1483 viryines
928 1427 1239 1471 Evoriacenses
1285 1428 1619 1482 deprehenderat

10 1498 38 1577 ξ
108 1492 243 1531 mente
279 1501 443 1542 parum
489 1502 601 1531 sana
644 1488 781 1531 Ionas
827 1487 1151 1542 diliyentissime
1196 1486 1350 1530 litteris
1394 1485 1620 1530 mandavit

11 1562 88 1606 „p
108 1547 276 1603 ipseque
301 1547 591 1602 obiuryationi
615 1561 759 1590 eorum
782 1547 873 1590 iam
898 1548 1153 1601 occurrebat,
1187 1547 1261 1601 qui
1292 1562 1386 1590 eum
1418 1548 1499 1590 ‘res
1530 1560 1617 1589 non

6 1612 15 1624 ³
108 1607 375 1654 necessarias
405 1607 647 1662 compilare’
678 1607 922 1651 iudicarent
935 1607 963 1649 ¹.
1031 1608 1151 1652 Certe
1191 1608 1294 1651 haec
1333 1606 1474 1662 operis
1505 1620 1618 1661 pars

10 1707 12 1710 ,
108 1666 308 1721 infimum
346 1668 481 1712 locum
520 1667 687 1722 obtinet,
729 1667 808 1710 etsi
847 1682 1004 1722 neqare
1043 1668 1152 1721 nolo,
1194 1681 1246 1710 ea
1285 1681 1394 1721 quae
1433 1668 1483 1710 de
1522 1680 1615 1721 usu,

38 1726 39 1730 ’
109 1726 210 1782 vita,
235 1726 426 1771 moribus
445 1726 662 1782 virqinum
683 1727 732 1770 in
752 1727 1010 1770 monasterio
1032 1727 1270 1782 deqentium
1291 1726 1407 1770 testis
1428 1727 1618 1770 oculatus

109 1786 252 1832 attulit
279 1787 399 1831 haud
420 1787 553 1842 parvi
582 1787 782 1830 momenti
812 1801 899 1830 esse
923 1788 983 1830 ad
1013 1788 1341 1841 coynoscendum
1370 1786 1491 1829 illi-us
1522 1785 1618 1829 aevi

9 1843 12 1869 ⁵
73 1891 78 1894 ,
109 1860 196 1890 non
226 1847 361 1890 solum
388 1846 726 1901 ecclesiasticum,
758 1848 833 1890 sed
861 1847 988 1890 ctiam
1010 1846 1260 1890 intestinum
1281 1860 1425 1890 rerum
1446 1850 1614 1889 statum.

19 1943 41 1961 a
255 1920 382 1974 Sane,
424 1933 478 1962 ne
514 1919 679 1963 auctori
708 1918 923 1962 iniuriam
954 1918 1208 1972 inferamus,
1249 1919 1505 1961 monendum
1545 1921 1615 1970 est,

109 1978 222 2023 vitas
251 1983 495 2023 sanctorum
525 1994 572 2022 eo
603 1983 767 2022 tantum
800 1979 977 2022 consilio
1018 1979 1072 2022 ab
1111 1978 1205 2032 ipso
1235 1977 1486 2032 compositas
1516 1991 1616 2030 esse,

110 2043 158 2082 ut
185 2040 388 2094 quomodo
419 2054 447 2082 a
471 2038 768 2082 vetustioribus
793 2038 1102 2093 hayioqraphis
1115 2039 1131 2064 ²
1153 2037 1397 2092 priscorum
1429 2037 1618 2091 exempla

110 2098 326 2142 imitanda
345 2098 438 2142 suis
459 2098 712 2153 temporibus
736 2098 950 2153 praestita
971 2102 1118 2152 essent,
1144 2097 1208 2141 ita
1228 2097 1319 2152 ipse
1339 2096 1618 2140 recentiorum

26 2170 89 2218 ,³⁴⁰
111 2162 152 2203 et
187 2158 319 2202 vitam
359 2159 619 2202 laudabilem
658 2163 697 2201 et
734 2158 948 2201 miracula
978 2157 1223 2212 posteritati
1262 2157 1322 2200 ad
1359 2156 1619 2200 imitandum

18 2222 36 2272 s
103 2223 372 2274 proponeret.
431 2217 667 2261 Consilium
697 2217 832 2272 iqitur
855 2217 1171 2260 adhortativum
1194 2220 1441 2271 persecutus
1470 2220 1533 2259 est
1561 2217 1621 2259 ad

34 2292 37 2297 ·
104 2278 345 2333 profectum
366 2278 654 2332 perfectorum
677 2277 1091 2331 emendationemque
1114 2275 1462 2331 delinquentium.
1513 2275 1619 2319 Cum

111 2337 327 2381 miracula
342 2338 553 2381 nonnulla
569 2336 825 2392 evanqelicis
845 2336 1069 2380 simillima
1088 2337 1348 2380 Columbano
1363 2335 1618 2389 attribuerit,

20 2400 92 2506 Ξ.
113 2411 160 2441 eo
179 2397 319 2452 maqis
338 2397 523 2451 fortasse
541 2401 785 2453 peccatores
805 2397 990 2451 exemplo
1010 2395 1210 2452 mayistri
1234 2397 1294 2439 ad
1315 2395 1621 2450 perfectionem

26 2500 50 2543 ‘a‘
112 2457 297 2501 incitare
326 2456 410 2500 sibi
440 2456 675 2500 videbatur.

0 2567 1 2586 ἢ
36 2575 37 2578 ,
257 2529 485 2572 Historiae
524 2529 798 2572 Francorum
838 2529 976 2572 Ionas
1015 2532 1063 2571 ut
1104 2531 1198 2571 erat
1233 2527 1493 2582 pereyo-inus
1533 2541 1621 2570 non

34 2600 43 2635 ἃ
115 2590 219 2632 adeo
264 2603 423 2644 mayna
461 2588 626 2643 peritia
661 2589 931 2645 praestabat.
1016 2587 1322 2632 Columbanum
1368 2586 1494 2641 enim,
1546 2585 1621 2641 qui

37 2642 47 2702 ζ
114 2647 310 2692 vicesimo
341 2663 457 2692 anno
490 2646 568 2700 (=
592 2653 693 2690 610.
713 2663 759 2703 p.
789 2647 916 2702 Chr.)
949 2650 1156 2691 desertum
1187 2646 1346 2701 Vosaqi
1376 2646 1619 2700 reliquerat,

39 2734 41 2738 ›
115 2721 162 2751 eo
201 2708 422 2752 advenisse
462 2707 612 2752 statuit
652 2708 861 2762 Siqiberto
900 2711 1117 2762 reynante,
1166 2706 1236 2750 cui
1274 2708 1357 2750 duo
1402 2720 1538 2761 reyna
1584 2709 1623 2748 et

23 2780 94 2812 -ηιο
116 2768 445 2811 Austrasiorum
477 2772 516 2811 et
544 2767 910 2822 Burgundionum
942 2766 1190 2820 attribuit³;
1229 2781 1275 2809 eo
1315 2770 1455 2808 autem
1493 2765 1621 2808 inter-

25 2803 49 2891 ἓ
116 2827 222 2880 fecto
268 2827 318 2871 in
363 2832 586 2882 utrumque
626 2841 803 2882 reqnum
841 2827 1157 2870 Childebertum
1196 2826 1336 2879 filium
1376 2824 1622 2868 successisse

120 2962 155 3008 1)
180 2963 218 2999 V.
245 2962 398 2999 Commi.
425 2963 479 3007 II,
500 2964 555 2999 16.
654 2963 692 3006 2)
718 2962 777 2998 Ib.
800 2962 831 3006 I,
852 2964 883 2998 1.
981 2963 1019 3006 3)
1048 2962 1105 2997 Ib.
1130 2962 1161 3004 I,
1181 2963 1214 2998 6.
