2008 3302
430 295 499 330 142
715 292 882 335 IONAS,
899 292 1063 328 VITAE
1089 292 1397 329 OOLUMBANI
1423 293 1567 330 LIBRI
1591 294 1646 332 ΙΙ.
1951 283 1962 304 ⁹
2002 296 2008 328 ς

431 415 476 457 S.
504 414 689 456 Antonii
720 415 910 456 lectorem
940 413 1165 457 iubilatum
1197 429 1342 459 recens
1374 416 1583 471 castiyata
1613 421 1652 460 et
1681 421 1819 470 aucta,
1852 418 1934 460 Lo-
2000 414 2008 440 '¹

428 473 552 515 vanii
577 474 722 527 16671,
750 488 800 516 ea
822 473 1038 517 continent
1056 488 1163 529 quae
1185 479 1333 518 auctor
1353 476 1518 530 origine
1538 481 1578 519 et
1599 476 1689 531 ipse
1708 477 1933 520 Hibernas
2002 473 2008 489 ⁷

419 532 587 587 partim
625 533 675 575 in
707 533 844 576 Italia
875 534 1106 588 colleyerat,
1147 539 1277 577 morte
1316 550 1414 578 vero
1446 540 1730 589 praematura
1769 541 1933 591 ereptus

427 592 518 645 ipse
540 592 706 646 publici
735 592 850 636 iuris
879 593 1022 646 facere
1052 594 1311 648 nequiverat,
1342 597 1455 638 unde
1485 595 1646 638 sodalis
1681 595 1730 638 in
1761 610 1932 650 operam

428 652 635 694 successit.
699 653 929 707 Fleminyo
969 654 1156 706 facultas
1193 654 1350 697 codicis
1390 655 1488 698 olim
1521 655 1769 710 Bobiensis,
1811 656 1933 699 nobis
1962 672 1998 699 τ»

426 710 472 752 Β
494 712 553 764 lb,
588 712 820 755 adhibendi
849 714 952 756 data
983 717 1087 767 erat,
1121 728 1172 756 ex
1202 728 1282 768 quo
1313 715 1426 757 inter
1451 714 1602 770 ‘eloyia
1622 714 1673 758 de
1696 715 1741 758 S.
1769 715 1931 759 Colum-

428 771 538 812 bano
579 772 759 815 collecta'
790 776 1013 827 utrimnque
1053 787 1226 816 carmen
1265 774 1314 817 in
1356 775 1556 818 honorem
1587 775 1728 818 sancti
1758 790 1787 818 a
1819 775 1933 818 Iona

428 831 699 886 compositum
720 832 892 886 primus
916 832 1060 886 edidit,
1094 834 1168 876 sed
1190 833 1329 888 ipsam
1360 835 1408 877 V.
1439 834 1690 878 Columbani
1713 850 1759 889 p.
1783 838 1932 878 214—

429 893 528 931 242.
577 892 637 933 ad
682 891 862 934 codicem
911 891 1261 935 ‘vetustissimum'
1308 894 1560 937 monasterii
1608 895 1652 937 S.
1687 894 1931 938 Maximini
2004 948 2008 950 γ

432 950 647 993 Treverici
694 949 771 1002 (=
803 952 846 993 A
866 951 932 1005 3‘)
979 952 1201 1007 recensuit,
1250 954 1370 997 cuius
1415 954 1631 1008 exemplar
1675 954 1932 997 Heribertus
1956 963 2008 1003 ιᾱέ

426 1008 688 1064 Rosweydus
716 1010 802 1065 ipsi
832 1011 1133 1066 impertiverat,
1165 1027 1338 1067 cumque
1361 1013 1586 1056 editionem
1605 1013 1835 1057 Bedanam
1858 1013 1932 1056 vix
2003 1014 2008 1050 ἶ

426 1068 592 1111 novisse
630 1070 838 1123 videatur,
889 1071 1127 1114 Surianam
1171 1071 1230 1114 iis
1277 1073 1380 1115 locis
1426 1072 1633 1127 adhibuit,
1680 1073 1754 1116 ubi
1793 1073 1931 1117 codice
1999 1091 2008 1129 Α

427 1128 648 1171 destitutus
678 1134 782 1172 erat.
853 1130 1186 1174 Commentarios
1217 1132 1420 1175 adiunxit
1449 1132 1557 1176 satis
1583 1133 1788 1188 prolixos.
1998 1130 2008 1199 ξ

569 1201 682 1244 Acta
726 1206 970 1245 sanctorum
1017 1218 1045 1246 a
1092 1204 1260 1247 Ioanne
1305 1203 1584 1248 Bollando
1626 1205 1671 1248 S.
1704 1205 1746 1247 I.
1788 1204 1931 1260 colli9i
2000 1204 2008 1241 ‘-

426 1260 609 1313 feliciter
640 1266 793 1316 coepta,
837 1264 889 1305 ab
931 1262 1034 1305 aliis
1064 1262 1249 1306 eiusdem
1281 1263 1448 1307 ordinis
1479 1269 1630 1318 postea
1669 1264 1928 1320 continuata,
1955 1247 2008 1312 153

426 1335 519 1363 cum
551 1321 844 1364 calendarium
875 1323 1187 1376 subsequantur
1207 1328 1330 1377 atque
1350 1325 1467 1367 ultra
1488 1323 1658 1378 primos
1679 1324 1931 1368 Novembris

426 1380 516 1423 dies
561 1394 692 1435 usque
738 1382 876 1425 adhuc
921 1382 1096 1425 minime
1141 1383 1440 1439 pervenerint,
1494 1397 1627 1438 neque
1679 1383 1932 1428 Columbani
1995 1382 1999 1398 ⁵

425 1455 557 1494 neque
577 1440 950 1495 Buryundofarae
981 1441 1104 1485 Vitas
1135 1443 1376 1498 continent,
1405 1443 1594 1498 reliquae
1620 1447 1760 1487 autem
1791 1444 1934 1499 operis

417 1504 567 1554 partes
598 1500 666 1542 his
697 1501 819 1543 tomis
850 1501 1011 1544 insunt.

570 1572 735 1614 Martii
755 1577 850 1614 tom.
873 1573 943 1625 ΙΙ,
960 1588 1005 1627 p.
1025 1577 1214 1628 43——45‚
1238 1574 1503 1630 Antverpiae
1522 1579 1648 1630 1668,
1677 1575 1726 1619 V.
1743 1575 1930 1620 Athalae
1953 1562 2008 1625 202?

427 1632 480 1674 ab
502 1631 775 1674 Henscbenio
800 1632 916 1675 edita
938 1631 1001 1676 ‘ex
1023 1633 1235 1676 codicibus
1259 1649 1355 1677 mss.
1385 1634 1630 1678 Trevirensi
1653 1636 1697 1679 S.
1721 1632 1928 1691 Martini,

427 1691 746 1734 Audomarensi
767 1692 962 1736 ecclesiae
984 1693 1253 1748 cathedralis,
1288 1694 1460 1737 Rubeae
1479 1694 1607 1738 vallis
1628 1695 1930 1739 canonicorum

426 1765 442 1792 i
442 1750 689 1805 eyularium
710 1755 749 1794 et
769 1751 1074 1806 Antveipiensi
1094 1754 1241 1796 domus
1252 1754 1478 1820 professae
1495 1755 1587 1798 Soc.
1606 1755 1721 1798 Iesu'
1743 1760 1928 1810 occupat.

433 1810 574 1853 Codex
623 1811 890 1854 Trevirensis
937 1812 982 1854 S.
1015 1812 1211 1855 Martini
1260 1813 1354 1856 sine
1401 1813 1527 1856 dubio
1572 1814 1612 1857 is
1656 1819 1718 1858 est
1761 1814 1836 1869 qui
1879 1815 1930 1859 in
1993 1857 2006 1884 ff

427 1874 641 1924 apparatu
672 1870 817 1914 critico
850 1871 893 1914 S.
918 1871 1163 1915 Maximini
1202 1873 1361 1916 dicitur
1393 1872 1536 1927 (nobis
1566 1875 1609 1917 A
1631 1874 1749 1929 1b⁵);
1787 1875 1930 1919 Audo-
1953 1890 2008 1918 εα-

426 1944 523 1972 mai
524 1944 638 1972 ensis
684 1935 822 1973 autem
869 1931 1063 1974 ecclesiae
1104 1933 1363 1975 cathedralis
1403 1937 1441 1976 et
1470 1934 1808 1989 Antverpiensis,
1855 1934 1931 1989 qui
1995 1980 1998 1987 ,

426 1990 486 2032 ad
504 1989 616 2032 diem
638 1993 707 2031 21.
733 1991 984 2034 Novembris
1009 2006 1096 2034 non
1119 1993 1254 2035 solum
1286 1993 1334 2035 V.
1374 1993 1626 2036 Oolumbani
1655 1998 1703 2037 ut
1723 1994 1927 2050 primum,

425 2050 500 2092 sed
529 2049 657 2092 etiam
688 2050 736 2092 V.
770 2050 956 2093 Athalae
986 2055 1034 2093 ut
1061 2054 1290 2095 secundum
1321 2057 1445 2107 atque
1479 2054 1528 2096 V.
1561 2053 1930 2108 Buryundofarae

425 2113 472 2151 ut
502 2109 656 2151 librum
679 2110 780 2152 III.
813 2110 1042 2164 exhibebat
1076 2111 1260 2154 eiusdem
1287 2112 1378 2165 fere
1404 2113 1667 2156 condicionis
1690 2118 1791 2157 sunt
1814 2114 1927 2168 libri,

425 2169 498 2211 ille
537 2169 697 2212 scilicet
735 2169 855 2212 nobis
895 2170 938 2212 A
961 2171 1036 2213 2a*
1042 2171 1111 2225 *·2,
1154 2171 1223 2215 bic
1262 2173 1305 2215 A
1324 2172 1420 2215 2a**
1422 2207 1433 2227 ,
1476 2177 1515 2216 et
1553 2174 1613 2216 ad
1650 2173 1762 2217 bunc
1801 2173 1929 2217 editio
1954 2156 2008 2218 aa}

417 2229 689 2283 potissimum
718 2230 908 2282 formata
937 2230 1104 2273 videtur
1134 2246 1221 2274 esse
1248 2232 1537 2285 praeferenda
1564 2232 1927 2277 Mabillonianae.

569 2301 733 2343 Martii
771 2306 867 2344 tom.
901 2302 1002 2356 III,
1041 2303 1304 2367 Antverpiae
1339 2308 1465 2357 1668,
1507 2319 1554 2358 p.
1590 2308 1672 2346 785
1685 2309 1844 2359 —790,
1877 2305 1926 2348 V.
1994 2337 2002 2362 ⁷:

426 2360 625 2403 Eustasii
657 2361 845 2404 orationi
866 2361 1157 2416 primiyeniae
1183 2365 1242 2405 ad
1261 2364 1420 2406 codices
1442 2339 1764 2407 ‘'Bertim'anum
1785 2363 1929 2418 (nobis
1988 2359 1995 2377 '

427 2421 471 2462 A
488 2421 564 2474 ia)
608 2424 647 2462 et
681 2421 834 2463 Trevii
834 2435 972 2463 ensem
1014 2422 1059 2464 S.
1092 2422 1350 2465 Maoeimini'
1393 2421 1534 2477 (nobis
1564 2424 1607 2466 A
1629 2424 1718 2480 lb5)
1759 2424 1928 2468 reddita
1987 2428 2008 2478 ²5

426 2479 548 2532 inest,
582 2494 675 2522 cum
706 2480 855 2522 tertius
885 2480 959 2534 qui
984 2495 1114 2534 penes
1145 2481 1324 2524 editores
1354 2487 1448 2525 erat
1471 2485 1598 2526 codex
1620 2484 1664 2527 S.
1690 2484 1928 2527 Salvatoris
1953 2445 2008 2552 πε

437 2538 741 2582 Ultraiectinus
781 2554 874 2582 eam
913 2554 1001 2582 non
1040 2541 1270 2584 contineret
1313 2541 1404 2585 nisi
1442 2543 1608 2596 passim
1655 2547 1926 2587 contractam.
1993 2590 2008 2606 .

428 2599 654 2642 Praecedit
676 2599 898 2652 praefatio
929 2599 1186 2653 interpolata
1216 2602 1469 2645 conveniens
1493 2617 1585 2646 cum
1617 2603 1756 2646 codice
1785 2606 1928 2646 nostro
1992 2593 2008 2637 ἒ

428 2660 471 2701 A
490 2664 571 2712 2a,·
603 2663 736 2701 teoetus
768 2663 907 2702 autem
935 2659 1147 2713 yenuinus
1178 2675 1229 2703 ex
1259 2661 1303 2703 A
1324 2662 1395 2704 lb⁵
1416 2664 1586 2716 pendet.
1993 2634 2008 2728 ξ

429 2826 465 2869 1)
503 2824 706 2858 Editionem
737 2834 827 2868 quae
860 2825 900 2857 in
926 2824 1034 2860 ‘Hisi
1062 2825 1128 2860 litt.
1155 2825 1196 2858 de
1231 2825 1266 2859 la
1291 2826 1440 2860 France’
1465 2826 1540 2870 III,
1557 2828 1639 2867 510,
1664 2830 1696 2861 et
1719 2827 1815 2861 alibi
1836 2838 1926 2862 com·
1992 2734 2008 2847 ’ἓ

427 2877 649 2906 memoratur
673 2873 928 2915 Auyustanam
954 2882 987 2907 a.
1009 2873 1110 2908 1621.
1134 2877 1306 2917 paratam
1331 2885 1527 2918 numquam
1556 2875 1725 2917 extitisse,
1758 2875 1819 2909 sed
1843 2875 1927 2910 Fle-
1992 2870 2001 2882 ⁸

427 2922 545 2963 minyi‘
566 2930 656 2963 opus
681 2930 759 2953 cum
793 2920 865 2953 alio
899 2920 1087 2961 confusum
1112 2931 1183 2955 esse
1207 2922 1462 2956 demonstravit
1489 2921 1527 2957 Ο.
1553 2922 1707 2966 Seebaes,
1736 2922 1923 2957 ‘Zeitschr.
1949 2882 2003 2965 Ἴ

429 2968 457 3010 f.
483 2967 769 3011 Kirchenyesch!
794 2968 879 3011 XV,
897 2969 979 3003 371.
1986 2966 2003 3053 ἑ

1983 3051 2007 3134 3,
