2008 3302
372 258 420 293 34
658 251 825 296 IONAS,
843 249 1008 288 VITAE
1034 248 1341 285 COLUMBANI
1365 248 1511 284 LIBRI
1533 247 1587 285 H.

373 381 412 419 et
441 375 675 431 quaeritur,
707 374 821 416 unde
851 373 964 415 hanc
995 371 1163 414 litterar
1162 385 1235 412 um
1274 370 1497 413 scientiam
1537 375 1730 425 artesque
1766 385 1875 426 quas

373 436 561 479 colebant
591 432 829 487 acceperint
861 430 992 474 Seotti
1023 430 1071 472 in
1106 434 1288 472 extremo
1329 431 1426 473 orbe
1465 430 1668 497 deyentes.
1739 430 1875 475 Fides

372 494 612 538 christiana
642 492 784 534 Roma
814 490 876 534 eis
907 494 1014 533 certe
1049 490 1184 533 allata
1215 493 1286 543 est,
1328 489 1692 544 caerimoniaeque
1722 489 1875 544 quibus

371 555 598 596 utebantur
638 551 841 594 obsoletae
880 549 1025 593 multis
1064 548 1246 592 saeculis
1285 553 1383 592 ante
1422 548 1577 592 ibidem
1617 550 1871 593 colebantur.

378 612 550 667 Cyclum
588 610 835 665 paschalem
874 623 995 664 quem
1040 609 1317 652 observabant
1361 608 1476 652 inter
1520 623 1561 651 a.
1604 613 1758 652 312—
1771 612 1872 652 342.
1897 622 1916 649 ο
1980 596 2008 643 ³}

371 671 536 714 Romae
574 675 621 713 ut
665 669 897 724 leqitimum
942 672 1149 722 receptum
1195 682 1282 711 esse
1328 667 1614 711 demonstravi
1626 668 1653 723 1,
1699 681 1874 723 eumque

371 730 620 784 retinebant,
653 729 749 773 licet
777 728 890 771 ratio
920 729 1147 782 modusque
1176 727 1350 770 interim
1377 741 1465 770 non
1485 727 1610 771 semel
1627 726 1691 771 ibi
1709 731 1873 773 mutata

372 794 520 834 essent.
582 789 651 833 De
681 788 792 831 artis
823 787 1100 842 picturaeque
1129 787 1297 830 ratione
1336 801 1422 841 qua
1461 787 1521 830 ad
1557 786 1718 831 codices
1757 801 1872 831 exor-

371 851 540 893 nandos
568 849 806 902 utebantur,
838 851 1030 890 monente
1065 847 1221 889 harum
1259 860 1402 889 rerum
1442 846 1564 889 viro²
1595 846 1870 902 peritissimo,

371 909 482 952 idem
518 908 742 952 dicendum
781 912 852 961 est,
894 907 1053 950 scilicet
1091 906 1220 949 etiam
1259 906 1370 950 hanc
1410 922 1438 949 a
1468 906 1682 951 Romanis
1713 906 1872 951 Scottos
1897 920 1933 947 ιο

371 968 582 1022 didicisse,
614 969 690 1011 sed
718 966 1008 1021 deficientibus
1047 966 1246 1020 exemplis
1283 965 1582 1021 mayistrisque
1613 970 1763 1021 postea
1802 967 1871 1010 ab·

371 1042 549 1081 errasse,
582 1026 832 1081 fortiterque
862 1040 969 1081 quae
1000 1039 1114 1069 nunc
1150 1026 1304 1069 iterum
1336 1026 1555 1092 pullulare
1593 1025 1748 1092 incipit
1787 1039 1871 1080 qn-

370 1086 494 1130 nioni
523 1101 705 1130 vesanae
736 1090 884 1129 auctor
902 1100 1018 1129 meus
1044 1085 1212 1139 obstitit,
1236 1085 1361 1139 quasi
1381 1099 1433 1128 ex
1453 1085 1643 1141 Aeyypto
1663 1084 1872 1140 oriyinem

368 1145 467 1201 ipsa
497 1145 710 1189 traxisset.
771 1145 1030 1200 Ohiruryiae
1060 1159 1220 1200 quoque
1241 1145 1449 1200 peritiam
1469 1146 1687 1199 quandam
1710 1143 1871 1188 Colum-

370 1207 507 1249 banus
546 1205 744 1248 habuisse
782 1204 961 1259 videtur,
1002 1205 1042 1247 si
1079 1204 1220 1260 ipsius
1259 1205 1491 1259 bioyrapho
1530 1204 1646 1248 credi
1683 1204 1759 1258 fas
1797 1208 1869 1259 est,
1896 1217 1930 1245 ιδ

370 1265 550 1320 diqitum
579 1264 778 1308 monaehi
817 1265 929 1317 falce
968 1264 1179 1308 abscisum
1218 1265 1483 1318 frontemque
1522 1263 1702 1308 alterius
1740 1278 1871 1307 cuneo

369 1325 530 1368 laesam
561 1325 614 1367 ab
646 1338 692 1367 eo
723 1328 875 1368 curata
910 1338 997 1367 esse
1010 1325 1038 1366 3.
1100 1324 1298 1378 Denique
1336 1323 1427 1378 ipse
1466 1323 1651 1378 sociique
1689 1322 1783 1367 eius
1819 1323 1871 1367 de

368 1383 563 1427 societate
593 1383 785 1426 humana
816 1383 967 1437 optime
1001 1383 1144 1426 meriti
1182 1387 1294 1437 sunt,
1336 1383 1468 1426 silvas
1508 1385 1724 1427 caedentes
1763 1383 1869 1427 loca-

368 1457 446 1497 que
485 1444 651 1486 deserta
672 1443 879 1496 colentes,
919 1447 967 1485 ut
1006 1443 1118 1486 culta
1157 1442 1474 1486 necessitatibus
1512 1442 1714 1486 humanis
1751 1446 1870 1486 terra

366 1502 458 1546 iam
487 1502 676 1545 serviret.
738 1502 992 1556 Luxovium,
1024 1502 1222 1556 Bobium,
1257 1503 1301 1546 S.
1342 1502 1463 1545 Galli
1491 1501 1755 1546 monasteria
1791 1503 1869 1555 flo-
1892 1515 1929 1542 so

367 1562 612 1605 rentissima
642 1562 748 1616 quid
776 1566 875 1605 ante
897 1562 1057 1606 Scottos
1087 1562 1264 1616 fuerint,
1296 1562 1407 1604 iusto
1427 1562 1523 1605 iure
1543 1561 1696 1617 quaeri
1717 1565 1866 1616 potest,

367 1635 692 1676 responsumque
723 1621 923 1676 optimum
954 1621 1191 1665 reddidisse
1222 1621 1331 1664 mihi
1370 1622 1537 1665 videtur
1565 1621 1635 1664 vir
1663 1621 1738 1665 ille
1776 1622 1867 1666 doc-

367 1680 556 1724 tissimus
601 1695 653 1724 ex
698 1683 843 1724 eadem
886 1685 1006 1735 yente
1042 1682 1336 1735 proynatus4:
1384 1682 1519 1734 Quid,
1571 1681 1724 1735 inquit,
1777 1682 1867 1725 nisi

366 1741 564 1784 latibula
611 1742 835 1792 ferarum,
885 1756 1002 1796 quae
1048 1743 1209 1797 postea
1255 1756 1448 1784 amoena
1494 1745 1627 1785 erant
1673 1741 1866 1784 humani

367 1801 588 1843 consors-‚ii
635 1801 906 1852 diversoria,
948 1803 1189 1856 postquam
1233 1815 1287 1843 ea
1327 1802 1475 1844 nostri
1514 1801 1672 1844 labore
1713 1805 1761 1844 et
1799 1801 1866 1843 in·
1890 1813 1926 1841 ευ

367 1861 547 1902 dustria
578 1861 841 1903 excoluere!
906 1860 1088 1916 Quippe
1121 1861 1435 1903 Hibernorum
1466 1861 1598 1904 labor
1637 1863 1686 1904 et
1726 1861 1865 1917 parsi-

365 1920 521 1962 monia
552 1926 598 1962 et
629 1921 778 1975 pietas
810 1921 1047 1962 hominum
1082 1923 1263 1963 traxere
1304 1921 1635 1975 frequentiam;
1678 1917 1864 1964 scholae

365 1993 568 2022 amorem
615 1981 866 2029 auxerunt,
921 1980 1191 2035 disciplinae
1243 1981 1569 2032 reverentiam;
1623 1980 1747 2023 unde
1799 1980 1864 2023 eis

365 2052 614 2093 eorumque
666 2039 905 2094 discipulis
952 2040 1183 2082 commissi
1228 2041 1338 2081 sunt
1384 2040 1484 2095 agri
1530 2039 1771 2082 excolendi
1817 2041 1865 2083 eb

364 2098 506 2140 silvae
559 2099 862 2150 excidendae;
917 2101 1156 2142 extructae
1203 2101 1312 2141 sunt
1365 2100 1527 2141 domun
1574 2099 1863 2142 monasteriis
1890 2112 1926 2139 so

363 2158 670 2212 propinquae;
705 2159 872 2201 deinde
903 2158 1043 2201 villae
1078 2159 1303 2214 paulatim
1345 2173 1547 2208 crevere;
1589 2161 1638 2202 et
1677 2159 1863 2202 demum

362 2217 736 2260 immunitatibus
782 2218 921 2273 regiis
963 2218 1325 2273 opitulantibus,
1375 2219 1433 2260 ad
1481 2219 1723 2261 civitatum
1761 2219 1864 2261 iura.

363 2278 410 2319 et
442 2277 694 2332 dignihates
726 2280 912 2320 evectae
944 2281 1067 2320 sunt.

507 2347 654 2390 *Bella
702 2348 959 2392 Columbano
1002 2349 1190 2403 yerenda
1228 2350 1406 2402 fuerant
1444 2354 1483 2392 et
1526 2348 1731 2392 intestina
1769 2362 1863 2392 cum

334 2434 336 2436 v
361 2405 487 2450 sociis
518 2410 557 2449 et
586 2411 762 2450 externa
794 2422 887 2450 cum
918 2408 1133 2462 episcopis,
1167 2422 1353 2462 quaeque
1383 2410 1459 2451 sub
1489 2408 1582 2463 ipso
1611 2411 1864 2451 exarserant
1887 2421 1922 2448 οῦ

360 2466 506 2509 eadem
536 2465 586 2509 in
616 2480 871 2510 successores
901 2482 992 2510 una
1024 2482 1117 2511 cum
1147 2467 1314 2522 reliqua
1343 2468 1574 2511 hereditate
1608 2467 1859 2521 transfudit.

366 2525 450 2579 Qui
480 2539 573 2568 cum
603 2525 932 2579 difficultatibus
962 2541 1050 2570 non
1080 2528 1220 2570 eodem
1250 2529 1372 2571 modo
1393 2541 1531 2583 pares
1560 2531 1707 2581 essent,
1729 2526 1862 2570 tradi-

360 2676 395 2722 1)
425 2677 483 2713 ¹N.
502 2677 624 2713 Arch.’
643 2678 712 2720 IX,
732 2679 811 2717 167.
886 2680 922 2722 2)
947 2679 1127 2723 Sprinqer
1151 2681 1250 2723 apud
1270 2680 1392 2724 Loofs‚
1418 2681 1470 2714 De
1494 2680 1647 2724 antiqua
1668 2679 1860 2714 Britonum

359 2724 610 2769 Scotorumque
633 2726 786 2769 ecclesia,
814 2727 919 2770 1882,
942 2738 980 2770 p.
1001 2729 1079 2763 119.
1127 2728 1229 2761 Inter
1253 2732 1367 2762 artem
1392 2727 1578 2762 Scotticam
1601 2730 1633 2762 et
1656 2727 1860 2761 Romanam

358 2773 646 2807 necessitudinem
680 2774 865 2818 quandam
898 2775 1111 2808 intercedere
1143 2775 1198 2809 vel
1229 2776 1272 2811 F.
1309 2776 1362 2811 W.
1396 2775 1528 2819 Unqer,
1562 2774 1632 2809 ‘La
1663 2775 1860 2809 miratatur-e
1882 2784 1920 2811 ω

358 2819 574 2854 Irlandaise’
609 2821 754 2864 (‘Revue
787 2821 942 2865 celtique'
976 2822 1027 2857 ed.
1065 2822 1205 2856 Gaidoz
1240 2824 1344 2865 1870,
1375 2835 1416 2868 p.
1441 2825 1464 2859 8
1479 2824 1572 2867 sqq.)
1607 2831 1678 2857 non
1716 2823 1861 2857 omnino

357 2869 508 2910 neqavit.
605 2867 645 2913 3)
679 2869 718 2904 V.
747 2868 901 2904 Columb.
923 2869 955 2912 I,
976 2871 1030 2906 15.
1128 2869 1165 2915 4)
1203 2870 1374 2912 O’Conor,
1407 2870 1544 2905 Rerum
1576 2869 1860 2905 Hiber-nicarum

357 2915 549 2958 scriptores
572 2919 710 2960 veteres,
737 2916 1047 2961 Buckinyhamiae
1074 2919 1177 2961 1814,
1204 2918 1234 2961 I,
1256 2930 1296 2962 p.
1314 2919 1395 2954 225.

1999 963 2008 1056 ..ιιι-4-
1995 914 2008 958 'Ag-
1991 854 2008 910 22²..-
1991 829 2008 850 -ss‘
2001 781 2008 825 *-
2001 753 2008 773 ᾳ
