<?xml version="1.0" encoding="UTF-8"?>
<!DOCTYPE html PUBLIC "-//W3C//DTD XHTML 1.0 Transitional//EN"
    "http://www.w3.org/TR/xhtml1/DTD/xhtml1-transitional.dtd">
<html xmlns="http://www.w3.org/1999/xhtml" xml:lang="en" lang="en">
 <head>
  <title>
</title>
<meta http-equiv="Content-Type" content="text/html;charset=utf-8" />
  <meta name='ocr-system' content='tesseract 3.04.00' />
  <meta name='ocr-capabilities' content='ocr_page ocr_carea ocr_par ocr_line ocrx_word'/>
</head>
<body>
  <div class='ocr_page' id='page_1' title='image "./ionaevitaesancto37jonauoft_0062.png"; bbox 0 0 2008 3302; ppageno 0'>
   <div class='ocr_carea' id='block_1_1' title="bbox 387 293 1602 340">
    <p class='ocr_par' dir='ltr' id='par_1_1' title="bbox 387 293 1602 340">
     <span class='ocr_line' id='line_1_1' title="bbox 387 293 1602 340; baseline -0.003 -5"><span class='ocrx_word' id='word_1_1' title='bbox 387 301 434 335; x_wconf 87' lang='grc'><em>46</em></span> <span class='ocrx_word' id='word_1_2' title='bbox 674 296 842 340; x_wconf 84' lang='lat' dir='ltr'>IONAS,</span> <span class='ocrx_word' id='word_1_3' title='bbox 861 294 1022 332; x_wconf 84' lang='lat' dir='ltr'>VITAE</span> <span class='ocrx_word' id='word_1_4' title='bbox 1050 293 1357 330; x_wconf 88' lang='lat' dir='ltr'>COLUMBANI</span> <span class='ocrx_word' id='word_1_5' title='bbox 1381 293 1525 329; x_wconf 86' lang='lat' dir='ltr'>LIBRI</span> <span class='ocrx_word' id='word_1_6' title='bbox 1549 293 1602 331; x_wconf 86' lang='grc' dir='ltr'><em>Π.</em></span> 
     </span>
    </p>
   </div>
   <div class='ocr_carea' id='block_1_2' title="bbox 254 415 1948 2437">
    <p class='ocr_par' dir='ltr' id='par_1_2' title="bbox 254 415 1948 2437">
     <span class='ocr_line' id='line_1_2' title="bbox 388 415 1889 473; baseline -0.001 -11"><span class='ocrx_word' id='word_1_7' title='bbox 388 434 495 473; x_wconf 80' lang='lat' dir='ltr'><em>quae</em></span> <span class='ocrx_word' id='word_1_8' title='bbox 535 423 574 462; x_wconf 91' lang='lat' dir='ltr'><em>et</em></span> <span class='ocrx_word' id='word_1_9' title='bbox 612 418 708 472; x_wconf 90' lang='lat' dir='ltr'><em>ipsa</em></span> <span class='ocrx_word' id='word_1_10' title='bbox 747 417 837 460; x_wconf 88' lang='lat' dir='ltr'><em>iam</em></span> <span class='ocrx_word' id='word_1_11' title='bbox 876 417 977 459; x_wconf 89' lang='lat' dir='ltr'><em>inde</em></span> <span class='ocrx_word' id='word_1_12' title='bbox 1018 415 1254 470; x_wconf 79' lang='lat' dir='ltr'><em>antiquitus</em></span> <span class='ocrx_word' id='word_1_13' title='bbox 1284 429 1371 471; x_wconf 88' lang='lat' dir='ltr'><em>per</em></span> <span class='ocrx_word' id='word_1_14' title='bbox 1409 416 1592 470; x_wconf 74' lang='lat' dir='ltr'><em>reyalem</em></span> <span class='ocrx_word' id='word_1_15' title='bbox 1631 416 1889 460; x_wconf 77' lang='lat' dir='ltr'><em>sanctionem</em></span> 
     </span>
     <span class='ocr_line' id='line_1_3' title="bbox 387 475 1891 531; baseline -0.001 -10"><span class='ocrx_word' id='word_1_16' title='bbox 387 480 462 521; x_wconf 84' lang='lat' dir='ltr'><em>sub</em></span> <span class='ocrx_word' id='word_1_17' title='bbox 510 477 717 520; x_wconf 70' lang='lat' dir='ltr'><em>libertatis</em></span> <span class='ocrx_word' id='word_1_18' title='bbox 757 476 986 530; x_wconf 73' lang='lat' dir='ltr'><em>privileyio</em></span> <span class='ocrx_word' id='word_1_19' title='bbox 1031 475 1299 518; x_wconf 71' lang='lat' dir='ltr'><em>mansissent.</em></span> <span class='ocrx_word' id='word_1_20' title='bbox 1371 475 1488 529; x_wconf 85' lang='lat' dir='ltr'><em>Etsi,</em></span> <span class='ocrx_word' id='word_1_21' title='bbox 1531 475 1778 531; x_wconf 77' lang='lat' dir='ltr'><em>privileyiis</em></span> <span class='ocrx_word' id='word_1_22' title='bbox 1821 475 1891 520; x_wconf 82' lang='lat' dir='ltr'><em>his</em></span> 
     </span>
     <span class='ocr_line' id='line_1_4' title="bbox 387 534 1890 603; baseline -0.001 -23"><span class='ocrx_word' id='word_1_23' title='bbox 387 537 720 603; x_wconf 73' lang='lat' dir='ltr'><em>deficientibus,</em></span> <span class='ocrx_word' id='word_1_24' title='bbox 694 538 707 562; x_wconf 87' lang='lat'>¹</span> <span class='ocrx_word' id='word_1_25' title='bbox 759 537 810 579; x_wconf 91' lang='lat' dir='ltr'><em>de</em></span> <span class='ocrx_word' id='word_1_26' title='bbox 845 535 1050 589; x_wconf 80' lang='lat' dir='ltr'><em>qualitate</em></span> <span class='ocrx_word' id='word_1_27' title='bbox 1081 534 1290 577; x_wconf 82' lang='lat' dir='ltr'><em>libertatis</em></span> <span class='ocrx_word' id='word_1_28' title='bbox 1319 534 1503 588; x_wconf 63' lang='lat' dir='ltr'><em>singulis</em></span> <span class='ocrx_word' id='word_1_29' title='bbox 1533 549 1751 579; x_wconf 80' lang='lat' dir='ltr'><em>concessae</em></span> <span class='ocrx_word' id='word_1_30' title='bbox 1780 535 1890 579; x_wconf 83' lang='lat' dir='ltr'><em>iudi-</em></span> 
     </span>
     <span class='ocr_line' id='line_1_5' title="bbox 388 593 1901 662; baseline -0.001 -22"><span class='ocrx_word' id='word_1_31' title='bbox 388 597 482 640; x_wconf 83' lang='lat' dir='ltr'><em>cari</em></span> <span class='ocrx_word' id='word_1_32' title='bbox 542 595 706 650; x_wconf 78' lang='lat' dir='ltr'><em>nequit,</em></span> <span class='ocrx_word' id='word_1_33' title='bbox 769 600 909 638; x_wconf 90' lang='lat' dir='ltr'><em>tamen</em></span> <span class='ocrx_word' id='word_1_34' title='bbox 966 608 1018 638; x_wconf 77' lang='lat' dir='ltr'><em>ex</em></span> <span class='ocrx_word' id='word_1_35' title='bbox 1068 593 1250 637; x_wconf 79' lang='lat' dir='ltr'><em>historia</em></span> <span class='ocrx_word' id='word_1_36' title='bbox 1301 593 1585 638; x_wconf 87' lang='lat' dir='ltr'><em>ecclesiastica</em></span> <span class='ocrx_word' id='word_1_37' title='bbox 1635 599 1901 662; x_wconf 64' lang='lat' dir='ltr'><em>compertum,</em></span> 
     </span>
     <span class='ocr_line' id='line_1_6' title="bbox 387 653 1931 709; baseline 0 -11"><span class='ocrx_word' id='word_1_38' title='bbox 387 657 598 709; x_wconf 76' lang='lat' dir='ltr'><em>habemus,</em></span> <span class='ocrx_word' id='word_1_39' title='bbox 653 656 715 698; x_wconf 85' lang='lat' dir='ltr'><em>vel</em></span> <span class='ocrx_word' id='word_1_40' title='bbox 765 654 1076 698; x_wconf 75' lang='lat' dir='ltr'><em>celeberiimum</em></span> <span class='ocrx_word' id='word_1_41' title='bbox 1129 653 1434 696; x_wconf 88' lang='lat' dir='ltr'><em>Lerinensium</em></span> <span class='ocrx_word' id='word_1_42' title='bbox 1483 653 1788 698; x_wconf 83' lang='lat' dir='ltr'><em>monasterium</em></span> <span class='ocrx_word' id='word_1_43' title='bbox 1838 667 1891 698; x_wconf 78' lang='lat' dir='ltr'><em>ex</em></span> <span class='ocrx_word' id='word_1_44' title='bbox 1913 672 1931 698; x_wconf 80' lang='lat'><strong>5</strong></span> 
     </span>
     <span class='ocr_line' id='line_1_7' title="bbox 385 713 1890 782; baseline 0 -25"><span class='ocrx_word' id='word_1_45' title='bbox 385 715 682 758; x_wconf 87' lang='lat' dir='ltr'><em>iurisdictione</em></span> <span class='ocrx_word' id='word_1_46' title='bbox 733 714 984 758; x_wconf 91' lang='lat' dir='ltr'><em>dioecesana</em></span> <span class='ocrx_word' id='word_1_47' title='bbox 1033 713 1208 756; x_wconf 84' lang='lat' dir='ltr'><em>minime</em></span> <span class='ocrx_word' id='word_1_48' title='bbox 1253 717 1486 767; x_wconf 77' lang='lat' dir='ltr'><em>exemptum</em></span> <span class='ocrx_word' id='word_1_49' title='bbox 1530 713 1705 768; x_wconf 42' lang='lat' dir='ltr'><em>fuisse&amp;</em></span> <span class='ocrx_word' id='word_1_50' title='bbox 1757 727 1890 782; x_wconf 72' lang='lat' dir='ltr'><em>neque</em></span> 
     </span>
     <span class='ocr_line' id='line_1_8' title="bbox 387 771 1890 828; baseline 0 -11"><span class='ocrx_word' id='word_1_51' title='bbox 387 779 485 817; x_wconf 80' lang='lat' dir='ltr'><em>ante</em></span> <span class='ocrx_word' id='word_1_52' title='bbox 532 775 839 818; x_wconf 83' lang='lat' dir='ltr'><em>Columbanum</em></span> <span class='ocrx_word' id='word_1_53' title='bbox 878 773 1100 828; x_wconf 71' lang='lat' dir='ltr'><em>vestiyium</em></span> <span class='ocrx_word' id='word_1_54' title='bbox 1139 772 1260 815; x_wconf 89' lang='lat' dir='ltr'><em>illius</em></span> <span class='ocrx_word' id='word_1_55' title='bbox 1299 771 1507 815; x_wconf 81' lang='lat' dir='ltr'><em>libertatis</em></span> <span class='ocrx_word' id='word_1_56' title='bbox 1548 773 1804 817; x_wconf 76' lang='lat' dir='ltr'><em>coenobialis</em></span> <span class='ocrx_word' id='word_1_57' title='bbox 1839 773 1890 817; x_wconf 83' lang='lat' dir='ltr'><em>in</em></span> 
     </span>
     <span class='ocr_line' id='line_1_9' title="bbox 393 832 1890 888; baseline -0.001 -11"><span class='ocrx_word' id='word_1_58' title='bbox 393 834 554 877; x_wconf 82' lang='lat' dir='ltr'><em>Galliis</em></span> <span class='ocrx_word' id='word_1_59' title='bbox 575 834 912 888; x_wconf 77' lang='lat' dir='ltr'><em>deprehenditur,</em></span> <span class='ocrx_word' id='word_1_60' title='bbox 946 834 1112 887; x_wconf 80' lang='lat' dir='ltr'><em>qualem</em></span> <span class='ocrx_word' id='word_1_61' title='bbox 1141 832 1232 886; x_wconf 84' lang='lat' dir='ltr'><em>ipse</em></span> <span class='ocrx_word' id='word_1_62' title='bbox 1251 846 1327 875; x_wconf 86' lang='lat' dir='ltr'><em>suo</em></span> <span class='ocrx_word' id='word_1_63' title='bbox 1348 832 1613 876; x_wconf 77' lang='lat' dir='ltr'><em>Luoeoviensi</em></span> <span class='ocrx_word' id='word_1_64' title='bbox 1632 833 1890 876; x_wconf 85' lang='lat' dir='ltr'><em>monasterio</em></span> 
     </span>
     <span class='ocr_line' id='line_1_10' title="bbox 386 891 1892 948; baseline 0 -12"><span class='ocrx_word' id='word_1_65' title='bbox 386 899 649 947; x_wconf 86' lang='lat' dir='ltr'><em>asseruerat,</em></span> <span class='ocrx_word' id='word_1_66' title='bbox 702 893 922 948; x_wconf 79' lang='lat' dir='ltr'><em>qualisque</em></span> <span class='ocrx_word' id='word_1_67' title='bbox 968 891 1228 935; x_wconf 86' lang='lat' dir='ltr'><em>Resbacensi</em></span> <span class='ocrx_word' id='word_1_68' title='bbox 1280 896 1505 946; x_wconf 79' lang='lat' dir='ltr'><em>competere</em></span> <span class='ocrx_word' id='word_1_69' title='bbox 1549 891 1773 936; x_wconf 81' lang='lat' dir='ltr'><em>videbatur</em></span> <span class='ocrx_word' id='word_1_70' title='bbox 1818 891 1892 936; x_wconf 87' lang='lat' dir='ltr'><em>‘ad</em></span> 
     </span>
     <span class='ocr_line' id='line_1_11' title="bbox 384 951 1948 1007; baseline 0.001 -12"><span class='ocrx_word' id='word_1_71' title='bbox 384 955 553 995; x_wconf 88' lang='lat' dir='ltr'><em>modum</em></span> <span class='ocrx_word' id='word_1_72' title='bbox 574 953 870 996; x_wconf 75' lang='lat' dir='ltr'><em>Luxoviensis&#39;</em></span> <span class='ocrx_word' id='word_1_73' title='bbox 884 953 900 978; x_wconf 79' lang='lat'>³</span> <span class='ocrx_word' id='word_1_74' title='bbox 924 951 1130 995; x_wconf 86' lang='lat' dir='ltr'><em>instituto.</em></span> <span class='ocrx_word' id='word_1_75' title='bbox 1184 951 1369 994; x_wconf 86' lang='lat' dir='ltr'><em>Interim</em></span> <span class='ocrx_word' id='word_1_76' title='bbox 1400 966 1492 994; x_wconf 92' lang='lat' dir='ltr'><em>cum</em></span> <span class='ocrx_word' id='word_1_77' title='bbox 1523 951 1783 1006; x_wconf 76' lang='lat' dir='ltr'><em>reliquorum</em></span> <span class='ocrx_word' id='word_1_78' title='bbox 1806 952 1889 1007; x_wconf 78' lang='lat' dir='ltr'><em>epi-</em></span> <span class='ocrx_word' id='word_1_79' title='bbox 1914 972 1948 997; x_wconf 90' lang='lat'><em>10</em></span> 
     </span>
     <span class='ocr_line' id='line_1_12' title="bbox 383 1010 1888 1067; baseline -0.001 -12"><span class='ocrx_word' id='word_1_80' title='bbox 383 1027 602 1067; x_wconf 86' lang='lat' dir='ltr'><em>scoporum</em></span> <span class='ocrx_word' id='word_1_81' title='bbox 634 1018 720 1055; x_wconf 92' lang='lat' dir='ltr'><em>tum</em></span> <span class='ocrx_word' id='word_1_82' title='bbox 741 1012 980 1055; x_wconf 88' lang='lat' dir='ltr'><em>Meldensis</em></span> <span class='ocrx_word' id='word_1_83' title='bbox 1010 1010 1300 1054; x_wconf 90' lang='lat' dir='ltr'><em>auctoritatem</em></span> <span class='ocrx_word' id='word_1_84' title='bbox 1333 1011 1585 1054; x_wconf 86' lang='lat' dir='ltr'><em>canonicam</em></span> <span class='ocrx_word' id='word_1_85' title='bbox 1614 1025 1692 1055; x_wconf 75' lang='lat' dir='ltr'><em>rex</em></span> <span class='ocrx_word' id='word_1_86' title='bbox 1715 1025 1763 1054; x_wconf 86' lang='lat' dir='ltr'><em>re</em></span> <span class='ocrx_word' id='word_1_87' title='bbox 1785 1026 1888 1055; x_wconf 82' lang='lat' dir='ltr'><em>vera</em></span> 
     </span>
     <span class='ocr_line' id='line_1_13' title="bbox 383 1070 1888 1126; baseline 0.001 -13"><span class='ocrx_word' id='word_1_88' title='bbox 383 1071 663 1115; x_wconf 84' lang='lat' dir='ltr'><em>imminuerat</em></span> <span class='ocrx_word' id='word_1_89' title='bbox 685 1086 817 1126; x_wconf 79' lang='lat' dir='ltr'><em>neque</em></span> <span class='ocrx_word' id='word_1_90' title='bbox 841 1071 949 1126; x_wconf 78' lang='lat' dir='ltr'><em>ipsis</em></span> <span class='ocrx_word' id='word_1_91' title='bbox 969 1070 1120 1114; x_wconf 81' lang='lat' dir='ltr'><em>invitis</em></span> <span class='ocrx_word' id='word_1_92' title='bbox 1136 1070 1414 1125; x_wconf 73' lang='lat' dir='ltr'><em>privileyium</em></span> <span class='ocrx_word' id='word_1_93' title='bbox 1435 1070 1600 1125; x_wconf 60' lang='lat' dir='ltr'><em>regium</em></span> <span class='ocrx_word' id='word_1_94' title='bbox 1620 1071 1681 1114; x_wconf 87' lang='lat' dir='ltr'><em>ad</em></span> <span class='ocrx_word' id='word_1_95' title='bbox 1698 1070 1888 1123; x_wconf 79' lang='lat' dir='ltr'><em>effectum</em></span> 
     </span>
     <span class='ocr_line' id='line_1_14' title="bbox 384 1130 1888 1185; baseline 0.001 -12"><span class='ocrx_word' id='word_1_96' title='bbox 384 1132 541 1174; x_wconf 85' lang='lat' dir='ltr'><em>adduci</em></span> <span class='ocrx_word' id='word_1_97' title='bbox 564 1136 746 1185; x_wconf 89' lang='lat' dir='ltr'><em>poterat.</em></span> <span class='ocrx_word' id='word_1_98' title='bbox 819 1132 941 1176; x_wconf 87' lang='lat' dir='ltr'><em>Unde</em></span> <span class='ocrx_word' id='word_1_99' title='bbox 973 1131 1103 1174; x_wconf 88' lang='lat' dir='ltr'><em>Dado</em></span> <span class='ocrx_word' id='word_1_100' title='bbox 1134 1130 1459 1183; x_wconf 83' lang='lat' dir='ltr'><em>referendarius</em></span> <span class='ocrx_word' id='word_1_101' title='bbox 1490 1144 1582 1173; x_wconf 83' lang='lat' dir='ltr'><em>cwm</em></span> <span class='ocrx_word' id='word_1_102' title='bbox 1612 1130 1830 1184; x_wconf 82' lang='lat' dir='ltr'><em>fratribus</em></span> <span class='ocrx_word' id='word_1_103' title='bbox 1858 1146 1888 1174; x_wconf 89' lang='lat' dir='ltr'><em>a</em></span> 
     </span>
     <span class='ocr_line' id='line_1_15' title="bbox 383 1190 1887 1246; baseline 0 -13"><span class='ocrx_word' id='word_1_104' title='bbox 383 1191 780 1246; x_wconf 71' lang='lat' dir='ltr'><em>Buryundofarone</em></span> <span class='ocrx_word' id='word_1_105' title='bbox 811 1191 884 1246; x_wconf 81' lang='lat' dir='ltr'><em>qui</em></span> <span class='ocrx_word' id='word_1_106' title='bbox 915 1190 1132 1234; x_wconf 85' lang='lat' dir='ltr'><em>Meldicae</em></span> <span class='ocrx_word' id='word_1_107' title='bbox 1163 1190 1360 1234; x_wconf 89' lang='lat' dir='ltr'><em>ecclesiae</em></span> <span class='ocrx_word' id='word_1_108' title='bbox 1391 1194 1490 1233; x_wconf 88' lang='lat' dir='ltr'><em>tunc</em></span> <span class='ocrx_word' id='word_1_109' title='bbox 1519 1194 1726 1244; x_wconf 81' lang='lat' dir='ltr'><em>praeerat</em></span> <span class='ocrx_word' id='word_1_110' title='bbox 1745 1194 1887 1245; x_wconf 80' lang='lat' dir='ltr'><em>postu-</em></span> 
     </span>
     <span class='ocr_line' id='line_1_16' title="bbox 382 1249 1947 1305; baseline -0.001 -12"><span class='ocrx_word' id='word_1_111' title='bbox 382 1251 500 1293; x_wconf 91' lang='lat' dir='ltr'><em>labat</em></span> <span class='ocrx_word' id='word_1_112' title='bbox 539 1256 662 1305; x_wconf 79' lang='lat' dir='ltr'><em>atque</em></span> <span class='ocrx_word' id='word_1_113' title='bbox 702 1265 779 1294; x_wconf 79' lang='lat' dir='ltr'><em>rex</em></span> <span class='ocrx_word' id='word_1_114' title='bbox 809 1266 900 1293; x_wconf 91' lang='lat' dir='ltr'><em>una</em></span> <span class='ocrx_word' id='word_1_115' title='bbox 931 1265 1024 1293; x_wconf 90' lang='lat' dir='ltr'><em>cum</em></span> <span class='ocrx_word' id='word_1_116' title='bbox 1061 1249 1296 1293; x_wconf 83' lang='lat' dir='ltr'><em>Ganderico</em></span> <span class='ocrx_word' id='word_1_117' title='bbox 1328 1249 1590 1303; x_wconf 78' lang='lat' dir='ltr'><em>patriarcha</em></span> <span class='ocrx_word' id='word_1_118' title='bbox 1625 1249 1885 1305; x_wconf 79' lang='lat' dir='ltr'><em>Galliarwm,</em></span> <span class='ocrx_word' id='word_1_119' title='bbox 1914 1265 1947 1292; x_wconf 86' lang='lat'><em>15</em></span> 
     </span>
     <span class='ocr_line' id='line_1_17' title="bbox 381 1309 1887 1365; baseline 0 -13"><span class='ocrx_word' id='word_1_120' title='bbox 381 1310 540 1353; x_wconf 89' lang='lat' dir='ltr'><em>scilicet</em></span> <span class='ocrx_word' id='word_1_121' title='bbox 560 1311 750 1365; x_wconf 87' lang='lat' dir='ltr'><em>episcopo</em></span> <span class='ocrx_word' id='word_1_122' title='bbox 772 1311 1064 1365; x_wconf 74' lang='lat' dir='ltr'><em>Luydunensi,</em></span> <span class='ocrx_word' id='word_1_123' title='bbox 1089 1309 1270 1364; x_wconf 79' lang='lat' dir='ltr'><em>aliisque</em></span> <span class='ocrx_word' id='word_1_124' title='bbox 1291 1309 1496 1364; x_wconf 89' lang='lat' dir='ltr'><em>episcopis</em></span> <span class='ocrx_word' id='word_1_125' title='bbox 1507 1309 1631 1363; x_wconf 89' lang='lat' dir='ltr'><em>parti</em></span> <span class='ocrx_word' id='word_1_126' title='bbox 1653 1309 1887 1352; x_wconf 80' lang='lat' dir='ltr'><em>Scottormn</em></span> 
     </span>
     <span class='ocr_line' id='line_1_18' title="bbox 382 1368 1883 1424; baseline 0.001 -13"><span class='ocrx_word' id='word_1_127' title='bbox 382 1369 566 1413; x_wconf 84' lang='lat' dir='ltr'><em>addictis</em></span> <span class='ocrx_word' id='word_1_128' title='bbox 596 1370 730 1413; x_wconf 89' lang='lat' dir='ltr'><em>eidem</em></span> <span class='ocrx_word' id='word_1_129' title='bbox 761 1370 1069 1424; x_wconf 86' lang='lat' dir='ltr'><em>supplicabant,</em></span> <span class='ocrx_word' id='word_1_130' title='bbox 1109 1373 1158 1411; x_wconf 91' lang='lat' dir='ltr'><em>ut</em></span> <span class='ocrx_word' id='word_1_131' title='bbox 1186 1368 1320 1411; x_wconf 86' lang='lat' dir='ltr'><em>simili</em></span> <span class='ocrx_word' id='word_1_132' title='bbox 1351 1369 1552 1421; x_wconf 73' lang='lat' dir='ltr'><em>beneficio</em></span> <span class='ocrx_word' id='word_1_133' title='bbox 1582 1368 1883 1412; x_wconf 83' lang='lat' dir='ltr'><em>monasterium</em></span> 
     </span>
     <span class='ocr_line' id='line_1_19' title="bbox 381 1425 1884 1484; baseline 0 -13"><span class='ocrx_word' id='word_1_134' title='bbox 381 1428 623 1483; x_wconf 82' lang='lat' dir='ltr'><em>instrueret,</em></span> <span class='ocrx_word' id='word_1_135' title='bbox 656 1430 774 1484; x_wconf 78' lang='lat' dir='ltr'><em>isque</em></span> <span class='ocrx_word' id='word_1_136' title='bbox 806 1429 1141 1473; x_wconf 86' lang='lat' dir='ltr'><em>constitutionem</em></span> <span class='ocrx_word' id='word_1_137' title='bbox 1172 1430 1325 1471; x_wconf 80' lang='lat' dir='ltr'><em>suam³</em></span> <span class='ocrx_word' id='word_1_138' title='bbox 1355 1443 1396 1470; x_wconf 91' lang='lat' dir='ltr'><em>a.</em></span> <span class='ocrx_word' id='word_1_139' title='bbox 1431 1432 1516 1470; x_wconf 85' lang='grc'><em>638</em></span> <span class='ocrx_word' id='word_1_140' title='bbox 1551 1425 1636 1480; x_wconf 88' lang='lat' dir='ltr'><em>(vel</em></span> <span class='ocrx_word' id='word_1_141' title='bbox 1667 1432 1750 1470; x_wconf 88' lang='grc'><em>637</em></span> <span class='ocrx_word' id='word_1_142' title='bbox 1765 1428 1811 1482; x_wconf 73' lang='grc'><em>,9)</em></span> <span class='ocrx_word' id='word_1_143' title='bbox 1843 1430 1884 1472; x_wconf 90' lang='lat' dir='ltr'><em>d.</em></span> 
     </span>
     <span class='ocr_line' id='line_1_20' title="bbox 386 1487 1882 1542; baseline 0.001 -13"><span class='ocrx_word' id='word_1_144' title='bbox 386 1493 423 1529; x_wconf 91' lang='lat'><em>1.</em></span> <span class='ocrx_word' id='word_1_145' title='bbox 447 1489 608 1531; x_wconf 84' lang='lat' dir='ltr'><em>Martii-</em></span> <span class='ocrx_word' id='word_1_146' title='bbox 634 1489 760 1532; x_wconf 90' lang='lat' dir='ltr'><em>etiam</em></span> <span class='ocrx_word' id='word_1_147' title='bbox 787 1487 1211 1542; x_wconf 77' lang='lat' dir='ltr'><em>comprovincialibus</em></span> <span class='ocrx_word' id='word_1_148' title='bbox 1235 1487 1326 1530; x_wconf 90' lang='lat' dir='ltr'><em>suis</em></span> <span class='ocrx_word' id='word_1_149' title='bbox 1351 1489 1694 1541; x_wconf 73' lang='lat' dir='ltr'><em>confirmandam</em></span> <span class='ocrx_word' id='word_1_150' title='bbox 1724 1488 1882 1531; x_wconf 91' lang='lat' dir='ltr'><em>obtulit.</em></span> 
     </span>
     <span class='ocr_line' id='line_1_21' title="bbox 382 1547 1946 1603; baseline 0.001 -14"><span class='ocrx_word' id='word_1_151' title='bbox 382 1548 481 1590; x_wconf 91' lang='lat' dir='ltr'><em>Iam</em></span> <span class='ocrx_word' id='word_1_152' title='bbox 522 1548 611 1603; x_wconf 89' lang='lat' dir='ltr'><em>ipse</em></span> <span class='ocrx_word' id='word_1_153' title='bbox 651 1549 866 1603; x_wconf 85' lang='lat' dir='ltr'><em>episcopus</em></span> <span class='ocrx_word' id='word_1_154' title='bbox 906 1547 1180 1591; x_wconf 87' lang='lat' dir='ltr'><em>dioecesanus</em></span> <span class='ocrx_word' id='word_1_155' title='bbox 1219 1561 1307 1590; x_wconf 91' lang='lat' dir='ltr'><em>non</em></span> <span class='ocrx_word' id='word_1_156' title='bbox 1346 1548 1481 1590; x_wconf 90' lang='lat' dir='ltr'><em>solum</em></span> <span class='ocrx_word' id='word_1_157' title='bbox 1522 1547 1590 1590; x_wconf 86' lang='lat' dir='ltr'><em>ius</em></span> <span class='ocrx_word' id='word_1_158' title='bbox 1631 1547 1886 1591; x_wconf 81' lang='lat' dir='ltr'><em>instituendi</em></span> <span class='ocrx_word' id='word_1_159' title='bbox 1909 1563 1946 1590; x_wconf 78' lang='lat'><em>20</em></span> 
     </span>
     <span class='ocr_line' id='line_1_22' title="bbox 382 1607 1884 1663; baseline 0 -13"><span class='ocrx_word' id='word_1_160' title='bbox 382 1608 549 1650; x_wconf 87' lang='lat' dir='ltr'><em>abbatis</em></span> <span class='ocrx_word' id='word_1_161' title='bbox 571 1607 886 1663; x_wconf 73' lang='lat' dir='ltr'><em>conyreyationi</em></span> <span class='ocrx_word' id='word_1_162' title='bbox 912 1607 1087 1651; x_wconf 89' lang='lat' dir='ltr'><em>contulit</em></span> <span class='ocrx_word' id='word_1_163' title='bbox 1106 1607 1245 1650; x_wconf 84' lang='lat' dir='ltr'><em>verbis</em></span> <span class='ocrx_word' id='word_1_164' title='bbox 1269 1607 1407 1650; x_wconf 79' lang='lat' dir='ltr'><em>hisce:</em></span> <span class='ocrx_word' id='word_1_165' title='bbox 1437 1621 1573 1663; x_wconf 86' lang='lat' dir='ltr'><em>quem</em></span> <span class='ocrx_word' id='word_1_166' title='bbox 1599 1608 1884 1652; x_wconf 87' lang='lat' dir='ltr'><em>unanimiter</em></span> 
     </span>
     <span class='ocr_line' id='line_1_23' title="bbox 382 1667 1882 1724; baseline 0.001 -15"><span class='ocrx_word' id='word_1_167' title='bbox 382 1669 530 1710; x_wconf 86' lang='lat' dir='ltr'><em>omnis</em></span> <span class='ocrx_word' id='word_1_168' title='bbox 553 1669 852 1724; x_wconf 79' lang='lat' dir='ltr'><em>congregatio</em></span> <span class='ocrx_word' id='word_1_169' title='bbox 874 1668 957 1710; x_wconf 84' lang='lat' dir='ltr'><em>illa</em></span> <span class='ocrx_word' id='word_1_170' title='bbox 979 1668 1308 1710; x_wconf 82' lang='lat' dir='ltr'><em>monachorum</em></span> <span class='ocrx_word' id='word_1_171' title='bbox 1332 1681 1388 1710; x_wconf 81' lang='lat' dir='ltr'><em>ex</em></span> <span class='ocrx_word' id='word_1_172' title='bbox 1410 1669 1555 1710; x_wconf 72' lang='lat' dir='ltr'><em>semet</em></span> <span class='ocrx_word' id='word_1_173' title='bbox 1574 1667 1687 1724; x_wconf 84' lang='lat' dir='ltr'><em>ipsis</em></span> <span class='ocrx_word' id='word_1_174' title='bbox 1708 1668 1882 1724; x_wconf 83' lang='lat' dir='ltr'><em>optime</em></span> 
     </span>
     <span class='ocr_line' id='line_1_24' title="bbox 380 1727 1880 1784; baseline 0.001 -16"><span class='ocrx_word' id='word_1_175' title='bbox 380 1728 589 1781; x_wconf 82' lang='lat' dir='ltr'><em>regulam</em></span> <span class='ocrx_word' id='word_1_176' title='bbox 623 1730 909 1784; x_wconf 82' lang='lat' dir='ltr'><em>compertum</em></span> <span class='ocrx_word' id='word_1_177' title='bbox 941 1727 1180 1782; x_wconf 80' lang='lat' dir='ltr'><em>elegerint,</em></span> <span class='ocrx_word' id='word_1_178' title='bbox 1224 1727 1312 1769; x_wconf 85' lang='lat' dir='ltr'><em>sibi</em></span> <span class='ocrx_word' id='word_1_179' title='bbox 1352 1728 1578 1770; x_wconf 81' lang='lat' dir='ltr'><em>seniorem</em></span> <span class='ocrx_word' id='word_1_180' title='bbox 1614 1727 1880 1780; x_wconf 71' lang='lat' dir='ltr'><em>instituant,</em></span> 
     </span>
     <span class='ocr_line' id='line_1_25' title="bbox 380 1786 1882 1840; baseline 0.001 -12"><span class='ocrx_word' id='word_1_181' title='bbox 380 1788 455 1828; x_wconf 90' lang='lat' dir='ltr'><em>sed</em></span> <span class='ocrx_word' id='word_1_182' title='bbox 484 1787 610 1829; x_wconf 85' lang='lat' dir='ltr'><em>etiam</em></span> <span class='ocrx_word' id='word_1_183' title='bbox 640 1787 732 1830; x_wconf 89' lang='lat' dir='ltr'><em>iuri</em></span> <span class='ocrx_word' id='word_1_184' title='bbox 763 1801 838 1829; x_wconf 90' lang='lat' dir='ltr'><em>suo</em></span> <span class='ocrx_word' id='word_1_185' title='bbox 870 1786 986 1830; x_wconf 86' lang='lat' dir='ltr'><em>circa</em></span> <span class='ocrx_word' id='word_1_186' title='bbox 1009 1786 1285 1840; x_wconf 76' lang='lat' dir='ltr'><em>pontificalia</em></span> <span class='ocrx_word' id='word_1_187' title='bbox 1314 1786 1583 1840; x_wconf 87' lang='lat' dir='ltr'><em>renuntians,</em></span> <span class='ocrx_word' id='word_1_188' title='bbox 1626 1787 1759 1829; x_wconf 88' lang='lat' dir='ltr'><em>eidem</em></span> <span class='ocrx_word' id='word_1_189' title='bbox 1790 1800 1882 1830; x_wconf 89' lang='lat' dir='ltr'><em>con-</em></span> 
     </span>
     <span class='ocr_line' id='line_1_26' title="bbox 381 1845 1942 1900; baseline -0.001 -12"><span class='ocrx_word' id='word_1_190' title='bbox 381 1846 514 1899; x_wconf 82' lang='lat' dir='ltr'><em>cessit,</em></span> <span class='ocrx_word' id='word_1_191' title='bbox 541 1851 589 1889; x_wconf 91' lang='lat' dir='ltr'><em>ut</em></span> <span class='ocrx_word' id='word_1_192' title='bbox 609 1846 924 1899; x_wconf 86' lang='lat' dir='ltr'><em>benedictiones,</em></span> <span class='ocrx_word' id='word_1_193' title='bbox 954 1845 1297 1900; x_wconf 88' lang='lat' dir='ltr'><em>consecrationes,</em></span> <span class='ocrx_word' id='word_1_194' title='bbox 1330 1860 1474 1888; x_wconf 88' lang='lat' dir='ltr'><em>sacros</em></span> <span class='ocrx_word' id='word_1_195' title='bbox 1495 1845 1667 1889; x_wconf 85' lang='lat' dir='ltr'><em>ordines</em></span> <span class='ocrx_word' id='word_1_196' title='bbox 1687 1861 1716 1889; x_wconf 92' lang='lat' dir='ltr'><em>a</em></span> <span class='ocrx_word' id='word_1_197' title='bbox 1736 1845 1884 1900; x_wconf 79' lang='lat' dir='ltr'><em>quovis</em></span> <span class='ocrx_word' id='word_1_198' title='bbox 1907 1861 1942 1888; x_wconf 76' lang='lat'><em>25</em></span> 
     </span>
     <span class='ocr_line' id='line_1_27' title="bbox 379 1905 1884 1961; baseline 0.001 -14"><span class='ocrx_word' id='word_1_199' title='bbox 379 1905 599 1958; x_wconf 83' lang='lat' dir='ltr'><em>spirituali</em></span> <span class='ocrx_word' id='word_1_200' title='bbox 630 1906 835 1960; x_wconf 76' lang='lat' dir='ltr'><em>pontifice</em></span> <span class='ocrx_word' id='word_1_201' title='bbox 865 1905 1148 1961; x_wconf 87' lang='lat' dir='ltr'><em>perciperent,</em></span> <span class='ocrx_word' id='word_1_202' title='bbox 1189 1910 1237 1947; x_wconf 93' lang='lat' dir='ltr'><em>ut</em></span> <span class='ocrx_word' id='word_1_203' title='bbox 1271 1905 1311 1948; x_wconf 89' lang='lat' dir='ltr'><em>si</em></span> <span class='ocrx_word' id='word_1_204' title='bbox 1342 1905 1437 1959; x_wconf 78' lang='lat' dir='ltr'><em>quis</em></span> <span class='ocrx_word' id='word_1_205' title='bbox 1468 1920 1488 1947; x_wconf 94' lang='lat' dir='ltr'><em>e</em></span> <span class='ocrx_word' id='word_1_206' title='bbox 1519 1905 1738 1948; x_wconf 79' lang='lat' dir='ltr'><em>monachis</em></span> <span class='ocrx_word' id='word_1_207' title='bbox 1769 1919 1884 1949; x_wconf 88' lang='lat' dir='ltr'><em>more</em></span> 
     </span>
     <span class='ocr_line' id='line_1_28' title="bbox 382 1965 1883 2020; baseline 0.001 -14"><span class='ocrx_word' id='word_1_208' title='bbox 382 1965 558 2008; x_wconf 82' lang='lat' dir='ltr'><em>Scottico</em></span> <span class='ocrx_word' id='word_1_209' title='bbox 599 1965 792 2008; x_wconf 88' lang='lat' dir='ltr'><em>ordinem</em></span> <span class='ocrx_word' id='word_1_210' title='bbox 831 1965 1105 2020; x_wconf 87' lang='lat' dir='ltr'><em>episcopalem</em></span> <span class='ocrx_word' id='word_1_211' title='bbox 1151 1969 1303 2008; x_wconf 91' lang='lat' dir='ltr'><em>nactus</em></span> <span class='ocrx_word' id='word_1_212' title='bbox 1343 1969 1457 2018; x_wconf 87' lang='lat' dir='ltr'><em>esset,</em></span> <span class='ocrx_word' id='word_1_213' title='bbox 1505 1965 1544 2008; x_wconf 89' lang='lat' dir='ltr'><em>is</em></span> <span class='ocrx_word' id='word_1_214' title='bbox 1586 1979 1637 2007; x_wconf 89' lang='lat' dir='ltr'><em>ea</em></span> <span class='ocrx_word' id='word_1_215' title='bbox 1675 1966 1883 2019; x_wconf 74' lang='lat' dir='ltr'><em>perficere</em></span> 
     </span>
     <span class='ocr_line' id='line_1_29' title="bbox 372 2024 1882 2080; baseline 0.001 -14"><span class='ocrx_word' id='word_1_216' title='bbox 372 2030 524 2079; x_wconf 85' lang='lat' dir='ltr'><em>posset,</em></span> <span class='ocrx_word' id='word_1_217' title='bbox 558 2029 681 2079; x_wconf 81' lang='lat' dir='ltr'><em>atque</em></span> <span class='ocrx_word' id='word_1_218' title='bbox 701 2025 841 2068; x_wconf 83' lang='lat' dir='ltr'><em>verbis</em></span> <span class='ocrx_word' id='word_1_219' title='bbox 861 2024 1023 2079; x_wconf 90' lang='lat' dir='ltr'><em>apertis</em></span> <span class='ocrx_word' id='word_1_220' title='bbox 1038 2025 1264 2079; x_wconf 82' lang='lat' dir='ltr'><em>professus</em></span> <span class='ocrx_word' id='word_1_221' title='bbox 1284 2028 1355 2078; x_wconf 91' lang='lat' dir='ltr'><em>est,</em></span> <span class='ocrx_word' id='word_1_222' title='bbox 1388 2025 1553 2067; x_wconf 92' lang='lat' dir='ltr'><em>nullam</em></span> <span class='ocrx_word' id='word_1_223' title='bbox 1572 2039 1616 2067; x_wconf 87' lang='lat' dir='ltr'><em>se</em></span> <span class='ocrx_word' id='word_1_224' title='bbox 1632 2028 1882 2080; x_wconf 88' lang='lat' dir='ltr'><em>potestatem</em></span> 
     </span>
     <span class='ocr_line' id='line_1_30' title="bbox 379 2083 1882 2139; baseline 0.001 -13"><span class='ocrx_word' id='word_1_225' title='bbox 379 2098 510 2138; x_wconf 81' lang='lat' dir='ltr'><em>neque</em></span> <span class='ocrx_word' id='word_1_226' title='bbox 556 2084 606 2127; x_wconf 89' lang='lat' dir='ltr'><em>in</em></span> <span class='ocrx_word' id='word_1_227' title='bbox 651 2086 775 2128; x_wconf 84' lang='lat' dir='ltr'><em>rebus</em></span> <span class='ocrx_word' id='word_1_228' title='bbox 817 2099 948 2139; x_wconf 75' lang='lat' dir='ltr'><em>neque</em></span> <span class='ocrx_word' id='word_1_229' title='bbox 993 2084 1044 2127; x_wconf 88' lang='lat' dir='ltr'><em>in</em></span> <span class='ocrx_word' id='word_1_230' title='bbox 1090 2083 1349 2127; x_wconf 90' lang='lat' dir='ltr'><em>ordinandis</em></span> <span class='ocrx_word' id='word_1_231' title='bbox 1385 2083 1587 2138; x_wconf 90' lang='lat' dir='ltr'><em>personis</em></span> <span class='ocrx_word' id='word_1_232' title='bbox 1631 2084 1882 2127; x_wconf 87' lang='lat' dir='ltr'><em>monasterii</em></span> 
     </span>
     <span class='ocr_line' id='line_1_31' title="bbox 379 2143 1941 2199; baseline 0 -14"><span class='ocrx_word' id='word_1_233' title='bbox 379 2143 542 2198; x_wconf 76' lang='lat' dir='ltr'><em>habere,</em></span> <span class='ocrx_word' id='word_1_234' title='bbox 576 2144 851 2199; x_wconf 88' lang='lat' dir='ltr'><em>disciplinam</em></span> <span class='ocrx_word' id='word_1_235' title='bbox 882 2157 1042 2198; x_wconf 78' lang='lat' dir='ltr'><em>quoque</em></span> <span class='ocrx_word' id='word_1_236' title='bbox 1073 2144 1376 2187; x_wconf 77' lang='lat' dir='ltr'><em>monachorum</em></span> <span class='ocrx_word' id='word_1_237' title='bbox 1400 2147 1529 2186; x_wconf 91' lang='lat' dir='ltr'><em>totam</em></span> <span class='ocrx_word' id='word_1_238' title='bbox 1554 2143 1698 2186; x_wconf 86' lang='lat' dir='ltr'><em>abbati</em></span> <span class='ocrx_word' id='word_1_239' title='bbox 1718 2145 1879 2187; x_wconf 87' lang='lat' dir='ltr'><em>cedens.</em></span> <span class='ocrx_word' id='word_1_240' title='bbox 1906 2159 1941 2186; x_wconf 74' lang='lat' dir='ltr'><em>ao</em></span> 
     </span>
     <span class='ocr_line' id='line_1_32' title="bbox 379 2203 1882 2258; baseline 0.001 -13"><span class='ocrx_word' id='word_1_241' title='bbox 379 2203 654 2247; x_wconf 84' lang='lat' dir='ltr'><em>Monasteria</em></span> <span class='ocrx_word' id='word_1_242' title='bbox 695 2204 791 2247; x_wconf 89' lang='lat' dir='ltr'><em>licet</em></span> <span class='ocrx_word' id='word_1_243' title='bbox 830 2204 1048 2258; x_wconf 89' lang='lat' dir='ltr'><em>complura</em></span> <span class='ocrx_word' id='word_1_244' title='bbox 1093 2217 1223 2257; x_wconf 88' lang='grc'><em>1139116</em></span> <span class='ocrx_word' id='word_1_245' title='bbox 1263 2204 1323 2245; x_wconf 91' lang='lat' dir='ltr'><em>ad</em></span> <span class='ocrx_word' id='word_1_246' title='bbox 1362 2203 1524 2246; x_wconf 85' lang='lat' dir='ltr'><em>Karoli</em></span> <span class='ocrx_word' id='word_1_247' title='bbox 1564 2203 1654 2246; x_wconf 85' lang='lat' dir='ltr'><em>M.4</em></span> <span class='ocrx_word' id='word_1_248' title='bbox 1694 2207 1882 2258; x_wconf 87' lang='lat' dir='ltr'><em>tempora</em></span> 
     </span>
     <span class='ocr_line' id='line_1_33' title="bbox 254 2262 1880 2317; baseline -0.001 -9"><span class='ocrx_word' id='word_1_249' title='bbox 254 2280 299 2312; x_wconf 68' lang='lat'><em>⁸12.</em></span> <span class='ocrx_word' id='word_1_250' title='bbox 309 2280 354 2309; x_wconf 82' lang='lat'><em>29.</em></span> <span class='ocrx_word' id='word_1_251' title='bbox 379 2264 561 2317; x_wconf 74' lang='lat' dir='ltr'><em>exemplo</em></span> <span class='ocrx_word' id='word_1_252' title='bbox 602 2263 917 2317; x_wconf 89' lang='lat' dir='ltr'><em>Lerinensium,</em></span> <span class='ocrx_word' id='word_1_253' title='bbox 960 2262 1294 2316; x_wconf 88' lang='lat' dir='ltr'><em>Acaunensium,</em></span> <span class='ocrx_word' id='word_1_254' title='bbox 1342 2262 1696 2306; x_wconf 81' lang='lat' dir='ltr'><em>*Luxoviensium</em></span> <span class='ocrx_word' id='word_1_255' title='bbox 1737 2277 1880 2306; x_wconf 85' lang='lat' dir='ltr'><em>mona-</em></span> 
     </span>
     <span class='ocr_line' id='line_1_34' title="bbox 379 2322 1880 2377; baseline 0.001 -13"><span class='ocrx_word' id='word_1_256' title='bbox 379 2323 550 2365; x_wconf 78' lang='lat' dir='ltr'><em>chorum</em></span> <span class='ocrx_word' id='word_1_257' title='bbox 581 2323 779 2366; x_wconf 89' lang='lat' dir='ltr'><em>instituta</em></span> <span class='ocrx_word' id='word_1_258' title='bbox 811 2323 909 2376; x_wconf 92' lang='lat' dir='ltr'><em>sint,</em></span> <span class='ocrx_word' id='word_1_259' title='bbox 955 2323 1168 2366; x_wconf 88' lang='lat' dir='ltr'><em>libertates</em></span> <span class='ocrx_word' id='word_1_260' title='bbox 1200 2327 1340 2365; x_wconf 89' lang='lat' dir='ltr'><em>tamen</em></span> <span class='ocrx_word' id='word_1_261' title='bbox 1380 2336 1467 2365; x_wconf 90' lang='lat' dir='ltr'><em>non</em></span> <span class='ocrx_word' id='word_1_262' title='bbox 1498 2323 1665 2366; x_wconf 90' lang='lat' dir='ltr'><em>eaedem</em></span> <span class='ocrx_word' id='word_1_263' title='bbox 1705 2323 1759 2366; x_wconf 90' lang='lat' dir='ltr'><em>ab</em></span> <span class='ocrx_word' id='word_1_264' title='bbox 1798 2322 1880 2377; x_wconf 89' lang='lat' dir='ltr'><em>epi-</em></span> 
     </span>
     <span class='ocr_line' id='line_1_35' title="bbox 377 2381 1880 2437; baseline 0.001 -13"><span class='ocrx_word' id='word_1_265' title='bbox 377 2382 516 2437; x_wconf 88' lang='lat' dir='ltr'><em>scopis</em></span> <span class='ocrx_word' id='word_1_266' title='bbox 540 2382 602 2425; x_wconf 88' lang='lat' dir='ltr'><em>eis</em></span> <span class='ocrx_word' id='word_1_267' title='bbox 629 2384 974 2436; x_wconf 87' lang='lat' dir='ltr'><em>concedebantur,</em></span> <span class='ocrx_word' id='word_1_268' title='bbox 1004 2382 1114 2426; x_wconf 85' lang='lat' dir='ltr'><em>sicut</em></span> <span class='ocrx_word' id='word_1_269' title='bbox 1133 2382 1403 2436; x_wconf 88' lang='lat' dir='ltr'><em>Resbacensi,</em></span> <span class='ocrx_word' id='word_1_270' title='bbox 1437 2386 1560 2436; x_wconf 77' lang='lat' dir='ltr'><em>atque</em></span> <span class='ocrx_word' id='word_1_271' title='bbox 1583 2381 1687 2425; x_wconf 89' lang='lat' dir='ltr'><em>iura</em></span> <span class='ocrx_word' id='word_1_272' title='bbox 1711 2381 1880 2437; x_wconf 86' lang='lat' dir='ltr'><em>potiora</em></span> 
     </span>
    </p>
   </div>
   <div class='ocr_carea' id='block_1_3' title="bbox 374 2535 1938 3000">
    <p class='ocr_par' dir='ltr' id='par_1_3' title="bbox 374 2535 1938 3000">
     <span class='ocr_line' id='line_1_36' title="bbox 379 2535 1938 2580; baseline 0.001 -9"><span class='ocrx_word' id='word_1_273' title='bbox 379 2537 413 2580; x_wconf 93' lang='lat'><em>1)</em></span> <span class='ocrx_word' id='word_1_274' title='bbox 443 2536 489 2568; x_wconf 89' lang='lat' dir='ltr'><em>In</em></span> <span class='ocrx_word' id='word_1_275' title='bbox 515 2536 610 2569; x_wconf 84' lang='lat' dir='ltr'><em>binis</em></span> <span class='ocrx_word' id='word_1_276' title='bbox 635 2536 846 2570; x_wconf 78' lang='lat' dir='ltr'><em>Chlotharii</em></span> <span class='ocrx_word' id='word_1_277' title='bbox 868 2537 965 2579; x_wconf 74' lang='lat' dir='ltr'><em>reyis</em></span> <span class='ocrx_word' id='word_1_278' title='bbox 989 2542 1042 2579; x_wconf 86' lang='lat' dir='ltr'><em>(a.</em></span> <span class='ocrx_word' id='word_1_279' title='bbox 1062 2538 1282 2579; x_wconf 75' lang='lat'><strong>613—629)</strong></span> <span class='ocrx_word' id='word_1_280' title='bbox 1302 2535 1518 2580; x_wconf 73' lang='lat' dir='ltr'><em>privileyiis,</em></span> <span class='ocrx_word' id='word_1_281' title='bbox 1553 2545 1706 2580; x_wconf 76' lang='lat' dir='ltr'><em>quorum</em></span> <span class='ocrx_word' id='word_1_282' title='bbox 1729 2535 1878 2577; x_wconf 42' lang='lat' dir='ltr'><em>chronos</em></span> <span class='ocrx_word' id='word_1_283' title='bbox 1903 2546 1938 2572; x_wconf 77' lang='lat'><em>35</em></span> 
     </span>
     <span class='ocr_line' id='line_1_37' title="bbox 374 2582 1878 2628; baseline 0 -12"><span class='ocrx_word' id='word_1_284' title='bbox 374 2583 541 2627; x_wconf 77' lang='lat' dir='ltr'><em>yraphus</em></span> <span class='ocrx_word' id='word_1_285' title='bbox 556 2584 780 2617; x_wconf 82' lang='lat' dir='ltr'><em>Acaunensis</em></span> <span class='ocrx_word' id='word_1_286' title='bbox 797 2594 829 2618; x_wconf 91' lang='lat' dir='ltr'><em>a.</em></span> <span class='ocrx_word' id='word_1_287' title='bbox 847 2585 930 2619; x_wconf 87' lang='lat'><strong>830.</strong></span> <span class='ocrx_word' id='word_1_288' title='bbox 948 2585 1108 2617; x_wconf 85' lang='lat' dir='ltr'><em>meminit</em></span> <span class='ocrx_word' id='word_1_289' title='bbox 1125 2584 1339 2628; x_wconf 69' lang='lat' dir='ltr'><em>(Gramma,</em></span> <span class='ocrx_word' id='word_1_290' title='bbox 1359 2582 1549 2626; x_wconf 65' lang='lat' dir='ltr'><em>‘Origines&#39;</em></span> <span class='ocrx_word' id='word_1_291' title='bbox 1561 2594 1600 2627; x_wconf 83' lang='lat' dir='ltr'><em>p.</em></span> <span class='ocrx_word' id='word_1_292' title='bbox 1619 2583 1694 2627; x_wconf 81' lang='lat'><em>26),</em></span> <span class='ocrx_word' id='word_1_293' title='bbox 1715 2585 1878 2617; x_wconf 68' lang='lat' dir='ltr'><em>eandum</em></span> 
     </span>
     <span class='ocr_line' id='line_1_38' title="bbox 377 2629 1880 2674; baseline 0 -10"><span class='ocrx_word' id='word_1_294' title='bbox 377 2633 466 2674; x_wconf 87' lang='lat' dir='ltr'><em>erat,</em></span> <span class='ocrx_word' id='word_1_295' title='bbox 491 2637 534 2665; x_wconf 81' lang='lat' dir='ltr'><em>&#39;ne</em></span> <span class='ocrx_word' id='word_1_296' title='bbox 559 2631 769 2665; x_wconf 81' lang='lat' dir='ltr'><em>consuetudo</em></span> <span class='ocrx_word' id='word_1_297' title='bbox 792 2631 1047 2665; x_wconf 81' lang='lat' dir='ltr'><em>monachorum</em></span> <span class='ocrx_word' id='word_1_298' title='bbox 1073 2632 1340 2666; x_wconf 81' lang='lat' dir='ltr'><em>Acaunensium</em></span> <span class='ocrx_word' id='word_1_299' title='bbox 1364 2632 1631 2674; x_wconf 76' lang='lat' dir='ltr'><em>immutaretur,</em></span> <span class='ocrx_word' id='word_1_300' title='bbox 1661 2640 1744 2665; x_wconf 80' lang='lat' dir='ltr'><em>neve</em></span> <span class='ocrx_word' id='word_1_301' title='bbox 1768 2629 1880 2664; x_wconf 75' lang='lat' dir='ltr'><em>abbas</em></span> 
     </span>
     <span class='ocr_line' id='line_1_39' title="bbox 376 2677 1876 2723; baseline 0.001 -11"><span class='ocrx_word' id='word_1_302' title='bbox 376 2680 657 2722; x_wconf 83' lang='lat' dir='ltr'><em>constitueretur,</em></span> <span class='ocrx_word' id='word_1_303' title='bbox 693 2680 768 2712; x_wconf 83' lang='lat' dir='ltr'><em>m‘si</em></span> <span class='ocrx_word' id='word_1_304' title='bbox 799 2689 843 2712; x_wconf 76' lang='lat' dir='ltr'><em>ex</em></span> <span class='ocrx_word' id='word_1_305' title='bbox 876 2680 967 2722; x_wconf 80' lang='lat' dir='ltr'><em>ipsis</em></span> <span class='ocrx_word' id='word_1_306' title='bbox 1000 2690 1100 2722; x_wconf 78' lang='lat' dir='ltr'><em>quem</em></span> <span class='ocrx_word' id='word_1_307' title='bbox 1134 2680 1273 2721; x_wconf 79' lang='lat' dir='ltr'><em>fratres</em></span> <span class='ocrx_word' id='word_1_308' title='bbox 1305 2679 1496 2722; x_wconf 70' lang='lat' dir='ltr'><em>eleqissent.</em></span> <span class='ocrx_word' id='word_1_309' title='bbox 1617 2677 1654 2723; x_wconf 86' lang='lat'><em>2)</em></span> <span class='ocrx_word' id='word_1_310' title='bbox 1691 2677 1747 2720; x_wconf 78' lang='lat' dir='ltr'><em>Cf.</em></span> <span class='ocrx_word' id='word_1_311' title='bbox 1773 2678 1876 2713; x_wconf 70' lang='lat' dir='ltr'><em>Aua.</em></span> 
     </span>
     <span class='ocr_line' id='line_1_40' title="bbox 377 2725 1877 2772; baseline -0.001 -13"><span class='ocrx_word' id='word_1_312' title='bbox 377 2728 487 2770; x_wconf 78' lang='lat' dir='ltr'><em>antiq.</em></span> <span class='ocrx_word' id='word_1_313' title='bbox 515 2727 620 2769; x_wconf 84' lang='lat' dir='ltr'><em>VIII,</em></span> <span class='ocrx_word' id='word_1_314' title='bbox 642 2737 681 2769; x_wconf 84' lang='lat' dir='ltr'><em>p.</em></span> <span class='ocrx_word' id='word_1_315' title='bbox 700 2738 782 2763; x_wconf 80' lang='lat' dir='ltr'><em>LIV.</em></span> <span class='ocrx_word' id='word_1_316' title='bbox 857 2727 894 2770; x_wconf 88' lang='lat'><em>3)</em></span> <span class='ocrx_word' id='word_1_317' title='bbox 916 2726 1117 2761; x_wconf 83' lang='lat' dir='ltr'><em>Pardessus</em></span> <span class='ocrx_word' id='word_1_318' title='bbox 1142 2727 1164 2763; x_wconf 86' lang='lat' dir='ltr'><em>l.</em></span> <span class='ocrx_word' id='word_1_319' title='bbox 1192 2727 1213 2763; x_wconf 86' lang='lat' dir='ltr'><em>l.</em></span> <span class='ocrx_word' id='word_1_320' title='bbox 1240 2727 1294 2770; x_wconf 88' lang='lat' dir='ltr'><em>II,</em></span> <span class='ocrx_word' id='word_1_321' title='bbox 1316 2739 1352 2772; x_wconf 91' lang='lat' dir='ltr'><em>p.</em></span> <span class='ocrx_word' id='word_1_322' title='bbox 1371 2728 1429 2763; x_wconf 82' lang='lat'><em>39.</em></span> <span class='ocrx_word' id='word_1_323' title='bbox 1505 2726 1543 2769; x_wconf 83' lang='lat'><em>4)</em></span> <span class='ocrx_word' id='word_1_324' title='bbox 1567 2726 1622 2768; x_wconf 74' lang='lat' dir='ltr'><em>Of.</em></span> <span class='ocrx_word' id='word_1_325' title='bbox 1644 2725 1877 2771; x_wconf 69' lang='lat' dir='ltr'><em>pm&#39;vileyium</em></span> 
     </span>
     <span class='ocr_line' id='line_1_41' title="bbox 375 2773 1937 2810; baseline 0.003 -4"><span class='ocrx_word' id='word_1_326' title='bbox 375 2776 590 2808; x_wconf 81' lang='lat' dir='ltr'><em>monasterio</em></span> <span class='ocrx_word' id='word_1_327' title='bbox 614 2775 792 2807; x_wconf 82' lang='lat' dir='ltr'><em>Acutiano</em></span> <span class='ocrx_word' id='word_1_328' title='bbox 826 2776 866 2807; x_wconf 82' lang='lat' dir='ltr'><em>in</em></span> <span class='ocrx_word' id='word_1_329' title='bbox 897 2775 1083 2808; x_wconf 55' lang='lat' dir='ltr'><em>territorio</em></span> <span class='ocrx_word' id='word_1_330' title='bbox 1108 2774 1299 2808; x_wconf 82' lang='lat' dir='ltr'><em>Sabinensi</em></span> <span class='ocrx_word' id='word_1_331' title='bbox 1331 2776 1400 2808; x_wconf 81' lang='lat' dir='ltr'><em>sito</em></span> <span class='ocrx_word' id='word_1_332' title='bbox 1433 2784 1456 2807; x_wconf 86' lang='lat' dir='ltr'><em>a</em></span> <span class='ocrx_word' id='word_1_333' title='bbox 1490 2773 1632 2808; x_wconf 84' lang='lat' dir='ltr'><em>Karolo</em></span> <span class='ocrx_word' id='word_1_334' title='bbox 1655 2773 1708 2809; x_wconf 77' lang='lat' dir='ltr'><em>M.</em></span> <span class='ocrx_word' id='word_1_335' title='bbox 1733 2783 1769 2807; x_wconf 81' lang='lat' dir='ltr'><em>a.</em></span> <span class='ocrx_word' id='word_1_336' title='bbox 1795 2774 1876 2810; x_wconf 86' lang='grc'><strong>775.</strong></span> <span class='ocrx_word' id='word_1_337' title='bbox 1900 2784 1937 2810; x_wconf 80' lang='grc' dir='ltr'><em>4ο</em></span> 
     </span>
     <span class='ocr_line' id='line_1_42' title="bbox 374 2821 1876 2867; baseline -0.001 -12"><span class='ocrx_word' id='word_1_338' title='bbox 374 2831 570 2856; x_wconf 80' lang='lat' dir='ltr'><em>concessum</em></span> <span class='ocrx_word' id='word_1_339' title='bbox 595 2821 809 2864; x_wconf 64' lang='lat' dir='ltr'><em>(Ducem-m,</em></span> <span class='ocrx_word' id='word_1_340' title='bbox 827 2821 965 2865; x_wconf 58' lang='lat' dir='ltr'><em>’Script</em></span> <span class='ocrx_word' id='word_1_341' title='bbox 988 2822 1064 2864; x_wconf 85' lang='grc' dir='ltr'><em>ΙΙΙ,</em></span> <span class='ocrx_word' id='word_1_342' title='bbox 1082 2823 1169 2862; x_wconf 83' lang='grc'><em>652)</em></span> <span class='ocrx_word' id='word_1_343' title='bbox 1178 2834 1191 2855; x_wconf 90' lang='grc'><em>.·</em></span> <span class='ocrx_word' id='word_1_344' title='bbox 1214 2821 1461 2867; x_wconf 82' lang='lat' dir='ltr'><em>privileg-ium,</em></span> <span class='ocrx_word' id='word_1_345' title='bbox 1487 2821 1581 2855; x_wconf 83' lang='lat' dir='ltr'><em>sicut</em></span> <span class='ocrx_word' id='word_1_346' title='bbox 1605 2822 1727 2856; x_wconf 82' lang='lat' dir='ltr'><em>cetera</em></span> <span class='ocrx_word' id='word_1_347' title='bbox 1750 2830 1876 2855; x_wconf 76' lang='lat' dir='ltr'><em>mona-</em></span> 
     </span>
     <span class='ocr_line' id='line_1_43' title="bbox 375 2867 1876 2914; baseline 0 -12"><span class='ocrx_word' id='word_1_348' title='bbox 375 2869 485 2903; x_wconf 78' lang='lat' dir='ltr'><em>steria</em></span> <span class='ocrx_word' id='word_1_349' title='bbox 509 2868 767 2913; x_wconf 83' lang='lat' dir='ltr'><em>Lirinensium,</em></span> <span class='ocrx_word' id='word_1_350' title='bbox 792 2868 1071 2914; x_wconf 79' lang='lat' dir='ltr'><em>Agaunensium</em></span> <span class='ocrx_word' id='word_1_351' title='bbox 1097 2872 1134 2904; x_wconf 78' lang='lat' dir='ltr'><em>et</em></span> <span class='ocrx_word' id='word_1_352' title='bbox 1158 2869 1457 2913; x_wconf 82' lang='lat' dir='ltr'><em>Luxoviensium,</em></span> <span class='ocrx_word' id='word_1_353' title='bbox 1489 2868 1555 2903; x_wconf 90' lang='lat' dir='ltr'><em>ubi</em></span> <span class='ocrx_word' id='word_1_354' title='bbox 1586 2867 1706 2914; x_wconf 77' lang='lat' dir='ltr'><em>prisea</em></span> <span class='ocrx_word' id='word_1_355' title='bbox 1729 2869 1876 2914; x_wconf 72' lang='lat' dir='ltr'><em>patrum</em></span> 
     </span>
     <span class='ocr_line' id='line_1_44' title="bbox 374 2914 1876 2962; baseline 0 -12"><span class='ocrx_word' id='word_1_356' title='bbox 374 2914 511 2960; x_wconf 82' lang='lat' dir='ltr'><em>Basilii,</em></span> <span class='ocrx_word' id='word_1_357' title='bbox 538 2915 742 2959; x_wconf 84' lang='lat' dir='ltr'><em>Benedicti,</em></span> <span class='ocrx_word' id='word_1_358' title='bbox 777 2915 995 2951; x_wconf 87' lang='lat' dir='ltr'><em>Columbani</em></span> <span class='ocrx_word' id='word_1_359' title='bbox 1029 2916 1087 2951; x_wconf 87' lang='lat' dir='ltr'><em>vel</em></span> <span class='ocrx_word' id='word_1_360' title='bbox 1118 2920 1324 2952; x_wconf 78' lang='lat' dir='ltr'><em>ceterorum</em></span> <span class='ocrx_word' id='word_1_361' title='bbox 1358 2918 1505 2962; x_wconf 81' lang='lat' dir='ltr'><em>patrum</em></span> <span class='ocrx_word' id='word_1_362' title='bbox 1538 2915 1668 2961; x_wconf 80' lang='lat' dir='ltr'><em>regula</em></span> <span class='ocrx_word' id='word_1_363' title='bbox 1701 2914 1876 2950; x_wconf 77' lang='lat' dir='ltr'><em>custodiri</em></span> 
     </span>
     <span class='ocr_line' id='line_1_45' title="bbox 374 2962 528 3000; baseline 0.013 -3"><span class='ocrx_word' id='word_1_364' title='bbox 374 2962 528 3000; x_wconf 82' lang='lat' dir='ltr'><em>videtur.</em></span> 
     </span>
    </p>
   </div>
  </div>
 </body>
</html>
