2008 3302
366 292 414 328 24
653 289 822 334 IONAS,
841 288 1003 325 VITAE
1030 288 1337 325 OOLUMBANI
1362 289 1508 325 LIBRI
1528 289 1582 327 ΙΙ,

366 411 534 455 liabant
578 416 653 454 aut
698 412 957 464 curvabant,·
1002 415 1171 464 accepta
1218 410 1501 454 benedictione
1540 425 1583 454 se
1626 410 1869 466 siynabant.

238 486 284 520 -Ρ,
298 488 341 516 15.
365 471 629 515 Humiliatio
659 470 788 513 etiam
817 469 866 512 in
898 483 1024 513 cursu
1048 474 1146 523 post
1175 471 1305 523 finem
1337 470 1685 525 *uniuscuiusque
1707 469 1871 524 psalmi

365 531 568 584 facienda
608 534 726 583 erat,·
772 529 913 582 finitis
948 529 1130 583 psalmis
1168 529 1362 573 omnibus
1399 544 1540 584 qenua
1579 530 1869 582 flectebantur.
1988 478 2008 582 i

371 589 540 633 Tussim
561 589 611 632 in
631 589 805 632 eoeordio
821 588 985 643 psalmi
1006 588 1223 632 evitabant
1243 590 1343 632 bene
1365 593 1595 632 cantantes.
1651 587 1872 642 Sacrificii

366 651 467 692 ordo
489 649 726 691 omnimodo
748 648 1044 691 custodiendus
1063 652 1169 691 erat.
1222 648 1405 692 Calicem
1426 649 1657 692 salutarem
1677 647 1872 692 dentibus
1894 665 1914 692 5

365 723 452 751 non
475 709 791 762 pertundebant
819 722 951 762 neque
972 707 1161 762 euloqias
1185 707 1397 751 immundi
1418 707 1685 764 accipiebant
1693 721 1710 762 ,·
1740 706 1872 751 anxie

365 769 579 822 cavebant,
627 782 680 811 ne
727 767 931 811 chrismal
970 768 1149 821 caderet,
1196 767 1355 811 scilicet
1402 781 1479 810 vas
1527 767 1646 821 illud,
1692 765 1743 810 in
1789 780 1872 821 quo

364 827 522 882 species
559 831 826 871 consecratas
865 826 1064 870 monachi
1094 827 1461 881 circumferebant,
1503 841 1604 870 neve
1644 825 1872 870 oblationis

364 886 600 940 faciundae
650 891 749 930 ante
809 886 1002 939 officium
1054 886 1413 930 obliviscerentur.
1491 885 1676 929 Fabulis
1726 884 1872 929 otiosis
2006 938 2008 946 Ι

364 946 541 990 minime
570 947 793 990 vacabant.
847 946 1079 989 Praeterea
1110 946 1467 989 conversationem
1496 945 1609 989 inter
1638 960 1683 989 se
1713 945 1776 988 ita
1805 944 1871 988 in-
1897 963 1934 990 ιο
2006 953 2008 991 Ξ

364 1006 604 1060 stituebant,
637 1010 685 1048 ut
713 1005 948 1048 humilitati
978 1007 1194 1048 studerent
1217 1019 1349 1059 neque
1370 1003 1698 1049 contradictioni
1727 1005 1872 1048 verba-
2004 1003 2008 1009 ’

365 1079 444 1119 que
494 1066 677 1119 superba
727 1064 898 1107 omnino
946 1064 1154 1107 evitarent
1203 1079 1335 1118 neque
1379 1079 1475 1108 voce
1519 1067 1738 1108 uterentur
1782 1063 1873 1107 nisi
2004 1063 2008 1094 ¹

362 1138 603 1178 suppressa.
663 1123 853 1167 Gorrecti
883 1123 1051 1166 veniam
1075 1125 1351 1177 postulabant
1380 1137 1512 1178 neque
1536 1138 1580 1167 se
1600 1124 1870 1177 excusabant,
2004 1159 2008 1184 Ξ

363 1183 403 1226 si
442 1183 552 1236 forte
592 1183 959 1226 examinarentur.
1022 1183 1258 1226 Fratribus
1297 1198 1386 1226 non
1425 1183 1703 1226 detrahebant
1739 1195 1872 1237 neque
2002 1185 2008 1245 ξ

365 1242 599 1286 audiebant
628 1243 914 1286 detrahentem
923 1257 939 1295 ,·
971 1257 1102 1298 opera
1133 1257 1226 1286 cum
1258 1242 1440 1296 ostiarii,
1473 1242 1547 1297 qui
1577 1242 1709 1286 horas
1737 1246 1871 1286 custo-
1898 1259 1933 1287 ιε
2003 1255 2008 1297 3

365 1302 517 1356 diebat,
550 1307 638 1345 tum
667 1302 854 1346 aliorum
884 1302 1072 1355 fratrum
1103 1303 1407 1356 reprehendere
1437 1317 1526 1346 non
1555 1301 1718 1346 licebat.
1767 1301 1872 1346 Sine
2005 1321 2008 1329 ‘

356 1362 574 1416 permissu
619 1375 751 1416 neque
802 1363 964 1414 fratres
1010 1362 1059 1404 in
1105 1362 1266 1405 cellulis
1316 1361 1493 1405 visitare
1544 1375 1676 1416 neque
1725 1365 1873 1416 saepta
2003 1358 2008 1414 i

362 1421 614 1464 monasterii
659 1421 898 1476 relinquere
943 1422 1017 1474 fas
1063 1425 1167 1464 erat.
1246 1421 1459 1465 Monachi
1506 1421 1556 1464 in
1601 1420 1790 1464 seniores
1834 1425 1875 1464 et

363 1481 557 1524 iuniores
595 1480 908 1534 dividebantur,
950 1494 1053 1535 quos
1084 1485 1213 1535 pater
1251 1480 1408 1535 senior,
1442 1485 1572 1535 pater
1606 1479 1870 1534 monasterii,

364 1540 524 1583 scilicet
541 1540 838 1594 Columbanus,
857 1541 920 1583 vel
927 1540 1074 1594 potius
1081 1540 1355 1595 praepositus
1368 1541 1644 1595 yubernabat.
1673 1539 1873 1584 Seniores
1897 1558 1934 1586 ιο

364 1600 528 1643 maiore
574 1599 823 1643 auctoritate
868 1600 1126 1652 fruebantur
1170 1600 1490 1654 iunioribusque
1541 1599 1873 1644 contradi-centes

366 1660 434 1702 his
463 1659 625 1703 verbis:
668 1659 785 1702 ‘Non
823 1659 888 1703 ita
928 1664 998 1713 est,
1040 1664 1087 1702 ut
1125 1659 1259 1714 dicis',
1301 1659 1504 1714 impuniti
1534 1659 1872 1714 permanebant,·

365 1719 451 1773 ipsi
497 1724 611 1762 artes
658 1720 860 1762 docebant
910 1733 1118 1773 operaque
1167 1719 1451 1773 imponebant.
1522 1717 1872 1763 Iurisdictionem

365 1783 495 1822 totam
532 1778 818 1822 Columbanus
854 1779 1100 1833 praeposito
1146 1780 1429 1822 mandaverat
1474 1793 1606 1833 neque
1651 1777 1872 1823 monachis

364 1852 410 1881 eo
433 1838 736 1892 praetermisso
759 1843 929 1892 patrem
960 1839 1176 1892 appellare
1207 1838 1367 1882 licebat.
1423 1838 1474 1882 Si
1505 1837 1602 1892 quis
1626 1838 1735 1893 leyes
1764 1851 1872 1892 quas
1895 1855 1933 1882 π

363 1897 640 1941 constituerat
659 1898 723 1941 vel
748 1897 983 1941 levissimas
1009 1899 1202 1952 laeserat,
1236 1899 1295 1941 ad
1316 1897 1630 1952 paenitentiam
1661 1898 1872 1952 agendam

366 1956 746 2012 ‘percussionibus2
799 1957 829 1999 i.
882 1972 915 2000 e.
969 1957 1231 2011 verberibus,
1285 1958 1595 2012 castiqabatur,
1649 1971 1872 2011 eorumque

364 2031 588 2060 numerum
608 2017 775 2060 ratione
796 2017 1042 2060 delictorum
1062 2017 1382 2060 immoderatius
1402 2016 1554 2072 auqeri
1573 2016 1710 2071 iussit,
1742 2017 1872 2060 multo

365 2076 550 2120 severior
588 2076 791 2120 Caesario
805 2077 833 2118 1.
905 2076 1013 2119 Alia
1052 2076 1342 2130 paenitentiae
1385 2091 1542 2132 yenera
1587 2075 1872 2120 Columbanus

356 2150 503 2191 pauca
534 2140 698 2179 tantum
730 2136 916 2189 admisit,
964 2136 1124 2179 scilicet
1167 2141 1215 2179 ut
1258 2137 1456 2180 monachi
1496 2135 1783 2190 delinquentes
1821 2134 1872 2179 in
1886 2153 1933 2181 -ω

365 2195 539 2239 ecclesia
561 2200 725 2239 starent
744 2196 908 2239 nullum
929 2196 1158 2239 membrum
1178 2200 1385 2239 moventes
1410 2200 1486 2239 aut
1506 2210 1663 2250 aquam
1684 2194 1872 2239 biberent

366 2255 452 2298 loco
504 2255 730 2298 cerevisiae
777 2260 854 2299 aut
898 2255 947 2298 in
993 2256 1143 2299 cellula
1189 2260 1510 2322 separarentur.
1573 2254 1872 2298 Paenitentias

364 2314 554 2357 minutas
593 2316 782 2358 mensam
823 2315 1160 2359 accumbentibus
1205 2315 1421 2370 imponere
1461 2315 1589 2358 etiam
1626 2313 1872 2369 praeposito

364 2373 526 2416 licebat.
589 2374 824 2418 Fratribus
846 2374 1177 2429 paenitentibus,
1211 2374 1406 2428 quamvis
1437 2389 1564 2429 opera
1595 2373 1804 2427 difficilia
1834 2377 1874 2415 et

364 2433 543 2476 sordida
577 2435 842 2487 perficerent,
885 2438 1026 2477 tamen
1066 2434 1212 2489 capita
1251 2435 1441 2477 lavanda
1481 2447 1569 2476 non
1605 2437 1741 2487 erant,
1783 2431 1872 2476 nisi
1896 2451 1932 2478 ³5

362 2492 435 2536 die
467 2493 719 2536 dominico.
693 2494 708 2518 ²

365 2624 402 2668 1)
434 2623 499 2659 SS.
526 2623 572 2657 R.
597 2623 728 2658 Merov.
754 2622 828 2663 III,
846 2623 927 2658 448.
1050 2623 1087 2666 2)
1125 2622 1266 2666 Regula
1291 2621 1501 2656 coenobialis
1525 2632 1604 2655 cum
1631 2621 1775 2655 Donato
1799 2620 1870 2664 (ed.

365 2672 587 2715 Holstenius,
616 2671 699 2706 Cod.
717 2670 855 2714 Requi„
884 2671 987 2712 1759,
1011 2670 1073 2713 VI,
1094 2671 1262 2714 3773919.γ
1288 2680 1315 2706 c.
1334 2671 1494 2708 23—34)
1520 2669 1709 2703 concordat
1729 2669 1779 2702 ad
1793 2679 1822 2704 o.
1836 2669 1869 2704 9.

365 2723 517 2763 tantum,
553 2729 662 2763 eaque
694 2728 784 2762 quae
818 2717 1083 2761 subsequuntur
1106 2717 1554 2753 c.10—15.Columbani
1579 2727 1651 2751 esse
1675 2726 1748 2750 non
1766 2725 1872 2760 posse

365 2778 411 2801 ex
435 2777 593 2801 sermone
617 2766 845 2809 intellegitur,
881 2775 958 2798 cum
993 2769 1119 2799 auctor
1144 2765 1304 2799 abbatem
1329 2775 1617 2808 oeconomumque
1650 2761 1870 2808 (0.11.12)
1894 2772 1932 2799 40

365 2816 512 2858 noverit,
548 2815 614 2858 qui
638 2814 769 2857 ‘patris
801 2813 967 2846 senioris’
991 2816 1144 2857 tempore
1178 2814 1218 2846 in
1253 2813 1468 2847 monasterio
1502 2816 1592 2846 certe
1619 2821 1693 2846 non
1716 2811 1870 2856 vopei-ie-

367 2863 511 2906 bantur,
538 2872 683 2905 cumque
705 2871 858 2906 poenam
881 2860 1087 2894 ‘verberum’
1113 2861 1333 2894 constituerit
1351 2861 1423 2894 loco
1450 2858 1755 2904 ‘percussionumss
1780 2859 1872 2892 sicut

366 2914 521 2946 samtus.
563 2909 679 2943 Extat
695 2910 801 2943 etiam
817 2908 962 2951 vequlae
985 2909 1140 2942 recensio
1162 2919 1210 2952 pr
1213 2908 1347 2941 ote'oeior
1371 2909 1412 2941 in
1437 2908 1634 2942 collectione
1657 2906 1872 2950 reyulamm

367 2958 547 2992 Benedicti
579 2957 800 2992 Anianensis
837 2957 899 2999 (cf.
935 2955 1090 2999 Seebass,
1126 2955 1333 2999 ‘Reyelbuch
1371 2955 1562 2989 Benedikts
1597 2965 1665 2989 von
1701 2952 1871 2996 Aniane',
