2008 3302
473 247 641 293 IONAS,
661 247 787 284 VITA
811 248 1066 287 IOHANNIS
1090 250 1325 290 ABBATIS.
1580 255 1651 290 323

18 357 22 379 ¹
148 371 275 414 habet
302 370 352 413 in
382 369 566 413 historia
597 369 990 414 administrationis
1010 372 1233 416 Romanae
1257 373 1401 417 minus
1425 378 1648 428 versatum,

148 444 281 486 neque
311 430 362 473 de
392 428 611 473 consulari
641 430 822 483 quodam
854 430 1157 485 Luqdunensis
1179 433 1351 486 primae
1381 433 1651 489 coqitandum

148 489 315 534 indetur
359 503 458 543 esse,
506 503 599 532 cum
645 489 831 532 consulis
874 489 1006 544 illius,
1054 491 1174 534 cuius
1214 496 1392 546 tempore
1431 494 1652 537 Iohannes

149 548 366 593 Iohannis
406 548 615 605 baptistae
651 548 720 591 die
759 549 866 601 festo
906 550 1126 604 euanqelio
1165 552 1406 595 admonitus
1442 553 1650 596 desertum

104 626 125 652 ο
149 609 336 663 adiisset,
369 607 587 652 Iohannis
616 622 770 651 nomen
794 613 1028 662 suspectum
1053 609 1110 652 sit
1132 624 1214 663 per
1239 625 1294 653 se.
1347 612 1486 666 Atque
1510 612 1651 656 sancti

149 673 268 713 aetas
297 683 343 712 eo
375 673 567 723 tempore,
609 682 690 722 quo
729 681 781 711 ex
812 668 1044 711 Lerinensi
1082 669 1229 713 insula
1268 670 1317 713 in
1347 672 1648 714 monasterium

10 743 30 786 Ι
147 743 272 773 suum
311 728 453 783 rediit,
498 742 592 771 cum
632 741 733 771 aevo
780 727 981 782 Greqorii
1020 728 1311 783 Linqonensis
1351 731 1535 786 episcopi
1577 731 1651 774 vix

7 783 26 840 Ξ
148 802 352 844 aeyreque
392 787 618 832 conciliari
649 791 797 842 potest.
862 788 1002 830 Illum
1041 788 1156 831 enim
1196 803 1229 832 c.
1272 805 1313 832 a.
1346 794 1446 833 424.
1487 795 1647 845 natum,

148 862 242 892 cum
271 847 341 892 hic
371 848 509 891 sedem
539 847 814 902 episcopalem
845 849 1021 901 adeptus
1060 852 1130 902 est,
1173 849 1486 903 octoyenarium
1515 850 1650 903 fuisse

91 925 124 951 ιο
148 912 365 963 oporteret,
388 907 427 951 si
449 907 586 950 Ionae
607 907 794 951 calculus
815 911 1050 961 constaret,·
1074 909 1244 962 requlae
1266 913 1405 952 autem
1425 909 1650 953 discendae

7 973 23 1023 ῑ
148 967 360 1023 cupiditas
397 967 472 1010 vix
501 968 619 1011 ultra
658 966 987 1010 adulescentiam
1022 967 1228 1023 proqredi
1258 968 1482 1022 permittit.
1547 969 1650 1012 Sine

9 1029 26 1079 Ξ
147 1027 274 1071 dubio
324 1027 435 1070 iusto
485 1027 695 1070 seniorem
746 1027 1005 1081 bioyraphus
1050 1031 1242 1070 sanctum
1292 1028 1463 1082 fecerat,
1516 1043 1649 1083 neque

10 1094 12 1102 ‘
147 1086 306 1130 mirum
336 1091 407 1141 est,
440 1087 553 1142 quod
580 1100 650 1130 res
680 1101 788 1130 saec.
821 1087 869 1130 V.
899 1091 1040 1141 qestae
1070 1087 1275 1130 memoria
1306 1087 1522 1130 hominum
1553 1090 1650 1132 duo-

11 1187 22 1207 „
147 1148 224 1191 bus
254 1146 436 1191 saeculis
457 1151 557 1202 post
585 1146 815 1189 viventium
847 1146 1019 1189 omnino
1050 1146 1307 1190 exciderant.
1360 1148 1407 1190 E
1434 1148 1650 1191 contrario

10 1205 23 1254 ἶ4,
91 1222 124 1250 us
147 1207 322 1260 fabulae
352 1210 635 1261 accreverant,
668 1220 799 1260 eaque
829 1220 937 1260 quae
969 1207 1019 1249 de
1041 1210 1169 1260 puteo
1197 1206 1316 1249 intra
1347 1207 1649 1250 monasterium

12 1277 25 1310 ν
147 1266 228 1310 sito
267 1267 557 1310 enarrabatur
588 1266 645 1320 (c.
672 1267 735 1322 2),
776 1270 824 1309 ut
862 1270 924 1309 est
961 1267 1163 1320 absurda,
1205 1266 1269 1309 ita
1311 1267 1523 1319 fratribus
1563 1282 1650 1310 non

27 1327 29 1329 ’
147 1328 253 1370 adeo
294 1326 465 1370 inutilis
504 1330 621 1370 erat:
665 1326 756 1369 iam
796 1326 908 1369 enim
950 1340 1087 1380 aquae
1126 1326 1228 1369 inde
1268 1326 1444 1369 haustae
1493 1326 1650 1369 miram

146 1386 339 1430 sanandi
377 1386 463 1429 vim
503 1385 777 1429 attribuentes
817 1400 869 1429 ex
906 1385 1085 1429 miseria
1125 1385 1308 1429 aliorum
1349 1386 1469 1429 lucra
1507 1387 1650 1439 facere

138 1450 343 1501 poterant
370 1446 569 1489 monachi
601 1443 656 1497 (c.
684 1445 775 1500 17).

85 1535 123 1561 ὀ
291 1518 477 1562 Sanctus
505 1516 615 1561 vitia
645 1518 791 1561 eadem
822 1517 1016 1572 evitabat,
1050 1518 1254 1560 adversus
1278 1531 1386 1572 quae
1415 1517 1651 1560 Cassianus

148 1577 450 1633 disputaverat,
487 1577 734 1631 abbatisque
755 1578 888 1621 Isaac
908 1578 1139 1632 exemplum
1160 1581 1246 1619 tam
1267 1582 1435 1620 strenue
1459 1577 1651 1620 imitatus

147 1637 314 1681 videtur
359 1651 458 1692 esse,
510 1641 558 1680 ut
608 1636 863 1681 Colla-tiones
909 1638 969 1680 ad
1011 1638 1182 1680 verbum
1233 1637 1422 1691 expilare
1465 1637 1652 1692 potuerit

148 1697 406 1752 bioqraphus
436 1696 492 1751 (c.
524 1701 576 1739 18
572 1698 619 1753 ),·
659 1697 774 1740 brevi
805 1701 944 1740 autem
983 1696 1120 1752 spatio
1159 1701 1199 1740 et
1234 1696 1284 1739 in
1323 1697 1477 1740 itinere
1518 1697 1650 1740 vitam

147 1756 386 1801 elaboranti
416 1757 584 1801 auctori
615 1758 675 1800 ad
704 1756 957 1811 aequitatem
988 1756 1145 1800 iudicis
1167 1770 1403 1811 provocare
1435 1755 1542 1799 licet.

84 1845 122 1872 25
297 1828 470 1873 Codices
501 1829 550 1873 V.
574 1828 789 1872 Iohannis
823 1828 1114 1884 primigeniae
1155 1830 1236 1871 duo
1277 1832 1442 1871 tantum
1473 1832 1650 1871 aetatem

147 1889 358 1932 tulerunt:

290 1945 394 2005 Al)
445 1948 584 1992 Codex
615 1948 974 1992 Parisiensis
1020 1963 1063 1991 n.
1101 1951 1256 2001 11748,
1304 1961 1356 1989 ex
1401 1946 1649 1990 bibliotheca

148 2009 192 2052 S.
221 2008 378 2051 Mauri
407 2008 681 2052 Fossatensis
723 2005 787 2060 (n.
817 2009 895 2065 38)
928 2008 978 2051 in
1018 2007 1322 2050 monasterium
1355 2007 1399 2050 S.
1439 2006 1649 2049 Germani

147 2083 176 2111 a
196 2067 347 2112 Pratis
372 2067 438 2123 (n.
461 2072 561 2123 487,
595 2068 694 2111 olim
718 2083 762 2111 n.
789 2069 924 2124 1060)
952 2068 1200 2120 translatus,
1232 2066 1397 2120 formae
1421 2066 1646 2120 maximae,

83 2144 122 2170 30
146 2142 254 2171 saec.
280 2127 339 2183 X,
380 2129 456 2182 fol.
483 2130 745 2172 151—154‘.
789 2128 838 2171 V.
862 2127 1076 2170 Iohannis
1107 2126 1271 2170 exhibet
1299 2125 1504 2168 mutilam.
1566 2126 1650 2168 Est

146 2187 259 2231 enim
283 2192 323 2231 et
345 2187 434 2243 ipse
453 2188 736 2243 imperfectus,
769 2202 863 2231 cum
884 2191 981 2243 post
1000 2187 1074 2240 fol.
1103 2190 1198 2229 151.
1220 2200 1352 2228 unum
1374 2185 1645 2238 desideretur,

146 2251 186 2290 et
214 2261 266 2291 ex
295 2247 539 2303 imperfecto
570 2247 802 2303 exemplari
833 2247 1077 2302 exscriptus,
1112 2250 1223 2289 textu
1254 2260 1287 2288 c.
1319 2249 1385 2287 18.
1418 2244 1466 2287 in
1505 2244 1647 2287 Vitam

145 2307 370 2362 Euqeniae
410 2312 665 2362 transeunte,
708 2307 859 2362 quibus
890 2308 940 2350 de
981 2306 1123 2350 causis
1154 2320 1186 2348 c.
1219 2309 1349 2348 1-4,
1389 2304 1495 2347 med.
1527 2303 1647 2357 sinis-

146 2381 224 2421 que
262 2367 364 2411 inde
403 2382 432 2410 a
472 2382 505 2411 c.
542 2372 610 2410 18.
642 2369 748 2411 med.
791 2367 1049 2410 exciderunt.
1119 2365 1351 2408 Praeterea
1390 2363 1500 2417 folia
1540 2378 1647 2418 quae

81 2443 121 2468 ³5
146 2428 306 2470 adsunt
319 2427 490 2482 pumice
507 2427 672 2482 partim
697 2427 760 2470 ita
786 2431 970 2470 tractata
995 2429 1105 2479 sunt,
1138 2429 1184 2467 ut
1205 2423 1499 2479 praefationis
1524 2424 1646 2466 later-

146 2486 310 2541 culique
340 2486 526 2542 capitum
563 2502 723 2542 mayna
754 2500 866 2541 pars
906 2485 987 2540 leqi
1027 2489 1205 2538 nequeat
1243 2488 1282 2526 et
1319 2483 1369 2525 in
1409 2497 1441 2525 c.
1476 2487 1543 2526 14.
1567 2498 1644 2536 ex„

150 2551 217 2589 15.
239 2546 301 2590 in.
333 2547 523 2600 frustula
553 2551 717 2590 tantum
750 2547 987 2589 litterarum
1019 2547 1270 2599 appareant.

287 2614 396 2675 A2)
443 2617 584 2662 Codex
624 2617 980 2661 Parisiensis
1021 2631 1064 2659 n.
1099 2619 1212 2658 5306
1250 2613 1390 2668 (Colb.
1427 2617 1524 2664 775,
1565 2614 1645 2656 Re-

143 2677 241 2733 qius
262 2679 414 2738 3954),
446 2678 612 2731 formae
642 2692 836 2732 maynae,
869 2691 977 2720 saec.
1003 2676 1138 2729 XIV,
1171 2675 1245 2727 fol.
1270 2677 1458 2727 65—67,
1491 2677 1646 2716 textum

81 2753 121 2778 40
156 2737 278 2780 Vitae
309 2739 485 2794 plenum
516 2737 711 2792 continet,
744 2736 834 2780 nisi
865 2737 975 2790 quod
997 2734 1165 2790 proloqi
1197 2748 1288 2777 cum
1313 2733 1512 2776 laterculo
1535 2732 1644 2787 capi-

145 2801 232 2840 tum
264 2797 575 2841 desiderantur.

288 2855 379 2900 *Ea
417 2871 526 2911 quae
568 2857 617 2900 in
647 2857 690 2898 A
711 2861 732 2898 1
776 2859 922 2898 extant
960 2854 1067 2897 satis
1098 2857 1293 2897 accurate
1333 2851 1494 2894 tradita
1532 2856 1641 2904 sunt,
1670 2874 1715 2906 *μ
1730 2873 1794 2901 504,

145 2930 276 2971 neque
307 2917 360 2959 ab
391 2931 436 2960 eo
468 2917 575 2959 libro
607 2916 696 2959 nisi
726 2929 830 2958 raro
861 2914 1025 2967 recessi,
1058 2927 1176 2967 quem
1203 2911 1330 2955 etiam
1354 2911 1403 2954 in
1429 2911 1643 2966 orthoqra-

1361 2981 1429 3017 21*
