2008 3302
439 264 609 310 IONAS,
625 264 791 320 VITAE}
816 265 1123 302 OOLUMBANI
1147 266 1294 304 LIBRI
1317 267 1371 306 11.
1641 273 1662 308 7

151 386 327 431 minime
350 391 531 442 poterat.
599 388 785 431 Tantum
814 387 928 432 enim
959 388 1119 443 aberat,
1151 393 1201 432 ut
1228 389 1523 434 iurisdictioni
1554 391 1662 435 dioe-

152 461 331 491 cesanae
361 461 449 490 sese
479 447 694 502 subiceret,
726 452 775 491 ut
804 452 953 491 contra
976 447 1174 502 propriis
1205 448 1366 504 leqibus
1395 449 1564 494 viveret.

297 518 430 562 Scotti
444 518 494 562 in
514 518 731 563 Christum
746 521 970 573 credentes,
979 523 1206 574 postquam
1222 520 1460 576 episcopum
1467 522 1662 576 primum

153 594 183 624 a
204 578 441 624 Caelestino
448 593 570 633 papa
583 593 624 621 a.
637 582 738 621 431.
756 583 1007 634 acceperunt
1020 579 1272 623 Palladium
1286 581 1312 635 1,
1336 595 1430 624 cum
1446 582 1663 625 ecclesiam

112 653 130 680 ο
153 653 277 683 suam
306 637 581 681 monasteriis
611 638 795 682 conditis
825 652 1009 683 crescere
1038 639 1257 694 vidissent,
1298 640 1451 684 iisdem
1483 643 1533 684 de
1562 655 1662 696 pro-

145 699 359 754 paqanda
397 699 484 751 fide
523 698 765 742 christiana
805 697 958 753 optime
1001 698 1168 742 meritis
1204 699 1503 755 principatum
1543 702 1663 745 eccle-

152 758 374 803 siasticum
423 757 514 801 iam
565 771 813 813 concessere,
865 758 930 802 ita
979 763 1029 802 ut
1077 773 1166 802 non
1216 759 1352 803 solum
1397 760 1447 803 in
1492 761 1663 804 subdita

150 817 414 862 monasteria
449 817 788 872 dominarentur,
830 820 906 862 sed
943 818 1072 862 etiam
1103 832 1188 874 per
1227 823 1356 863 totam
1388 820 1662 874 provi-nciam

151 877 407 933 acquisitam
455 877 796 921 iurisdictionem
847 877 1173 922 ecclesiasticam
1224 883 1477 922 exercerent.
1542 875 1662 924 Cum

91 955 127 983 1⁰
150 937 286 993 iqitur
314 937 514 981 monachi
544 937 696 991 officia
727 938 831 981 cleri
861 938 1097 981 saecularis
1128 938 1361 993 implerent,
1394 939 1558 992 factum
1589 944 1659 995 est,

149 1001 199 1041 ut
217 1001 256 1042 et
274 996 412 1052 ipsius
431 997 610 1040 honores
631 997 854 1041 ambirent.
896 998 1170 1041 Monasterio
1181 998 1426 1054 principali
1438 1001 1662 1054 presbyter

150 1061 191 1102 et
219 1058 352 1101 abbas
373 1061 591 1112 praeerat,
624 1057 699 1112 qui
729 1057 987 1101 humilitatis
1012 1071 1145 1101 causa
1175 1058 1436 1112 superiorem
1467 1059 1661 1103 ordinem

149 1117 398 1172 respuebat,·
442 1131 624 1160 munera
663 1121 804 1160 autem
843 1117 922 1161 illa
961 1131 1070 1172 quae
1109 1117 1255 1161 ordini
1299 1118 1528 1173 episcopali
1569 1133 1661 1162 con-

150 1176 387 1231 veniebant,
427 1177 539 1220 velut
569 1176 924 1221 consecrationem
965 1177 1171 1221 altarium
1203 1181 1351 1232 cetera,
1395 1178 1539 1222 abbati
1570 1179 1661 1222 sub-

91 1250 127 1280 1⁶
151 1236 233 1281 diti
253 1237 565 1292 exequebantur
585 1241 624 1280 et
643 1237 842 1280 monachi
863 1241 903 1280 et
921 1237 1105 1292 episcopi
1117 1239 1146 1279 2.
1183 1237 1462 1281 Monasteria
1483 1239 1662 1282 deducta

149 1298 277 1351 firmo
307 1295 632 1340 necessitudinis
662 1296 830 1339 vinculo
861 1311 955 1340 cum
978 1301 1116 1340 matre
1143 1296 1370 1340 coniuncta
1394 1299 1658 1352 perstabant,
1714 1330 1717 1333 -

151 1360 316 1411 totaque
359 1355 539 1399 societas
582 1355 866 1400 ecclesiastica
902 1356 1178 1411 praesidente
1223 1357 1372 1400 abbate
1415 1358 1661 1413 presbytero

149 1430 353 1471 maqnam
382 1415 602 1469 familiam
633 1416 804 1469 efficere
833 1415 1068 1459 videbatur.
1131 1416 1316 1458 Tantum
1348 1420 1488 1459 autem
1518 1431 1660 1459 mona-

151 1477 326 1520 chorum
364 1489 588 1519 numerum
627 1475 892 1519 monasteria
928 1475 1009 1518 illa
1054 1489 1376 1530 nonnumquam
1422 1476 1658 1531 capiebant,

91 1553 127 1580 ιο
150 1540 200 1580 ut
235 1536 347 1579 velut
383 1535 685 1579 Bancorenses
723 1535 912 1580 Walliae
957 1535 1008 1578 in
1053 1540 1207 1590 septem
1253 1539 1418 1579 turmas
1464 1536 1660 1590 dispositi

151 1600 299 1649 essent,
331 1609 514 1650 quarum
543 1595 666 1639 nulla
695 1595 840 1638 minus
873 1596 960 1637 300
984 1594 1227 1638 hominibus
1257 1595 1636 1650 comprehendisset
1644 1611 1661 1650 ,-

153 1660 318 1700 turmae
348 1669 378 1698 a
399 1655 663 1710 praepositis
693 1656 949 1710 reyebantur
969 1669 1191 1710 omnesque
1212 1657 1262 1698 de
1283 1656 1426 1698 labore
1456 1670 1662 1698 manuum

152 1729 331 1760 suarum
369 1714 510 1758 vivere
549 1716 738 1758 solebant
749 1716 778 1757 3.
843 1715 975 1758 Scotti
1011 1729 1106 1759 cum
1137 1715 1432 1758 consuetudini
1463 1715 1662 1759 ecclesiae

160 1775 417 1820 Gallicanae
459 1774 763 1830 Romanaeque
806 1775 1028 1819 contraria
1072 1775 1206 1818 multa
1246 1776 1461 1830 qerebant,
1505 1779 1593 1818 tum
1634 1790 1662 1818 a

92 1851 128 1878 πε
152 1835 340 1879 moribus
368 1834 590 1890 utriusque
623 1834 770 1879 aliena
805 1835 893 1878 tria
923 1835 1108 1878 maxime
1132 1834 1362 1889 faciebant,
1395 1849 1472 1878 nec
1493 1835 1663 1889 pascha

152 1909 228 1939 suo
268 1899 449 1950 tempore
489 1896 744 1939 celebrantes
786 1909 862 1939 nec
903 1895 1061 1938 missas
1102 1909 1219 1938 more
1258 1894 1380 1938 solito
1421 1909 1662 1949 comamque

152 1955 281 1999 aliter
330 1956 558 1998 tondentes.
645 1955 766 1998 Galli
816 1955 931 1998 enim
987 1954 1168 1998 Victorii
1218 1954 1435 2009 Aquitani
1492 1969 1662 1998 cursum

145 2015 393 2070 paschalem
430 2014 482 2058 in
521 2015 700 2059 concilio
730 2014 1044 2058 Aurelianensi
1074 2029 1115 2057 a.
1140 2018 1241 2057 541.
1273 2015 1541 2057 sanxerant4
1581 2015 1662 2057 cal-

152 2074 357 2119 culatoris
400 2074 522 2118 illius
567 2074 818 2129 scrupulosi,
871 2074 945 2129 qui
989 2074 1111 2117 iussu
1157 2073 1313 2117 Hilari
1364 2073 1663 2117 archidiaconi

10 2155 13 2160 ·
92 2151 128 2178 so
151 2150 193 2178 a.
227 2139 328 2178 457.
376 2135 536 2190 cyclum
582 2134 888 2189 Aeqyptiorum
940 2134 1356 2177 decemnovennalem
1402 2133 1662 2176 Latinorum

151 2195 252 2239 usui
282 2195 491 2249 adaptare
522 2198 698 2238 conatus
728 2198 823 2237 erat
833 2194 861 2248 ⁵,
895 2194 1003 2249 leqes
1032 2193 1254 2248 utriusque
1275 2192 1423 2247 partis
1453 2193 1519 2236 ita
1549 2193 1663 2236 inter

151 2269 195 2298 se
234 2254 494 2298 concilians:
541 2269 635 2298 cum
675 2253 744 2297 die
784 2253 995 2297 dominico
1035 2254 1140 2296 luna
1183 2249 1232 2295 X
1242 2253 1290 2296 V.
1324 2252 1465 2306 primi
1504 2252 1663 2295 mensis

142 2314 419 2370 proveniente
449 2313 608 2358 Graeci
630 2313 798 2368 pascha
829 2314 1099 2367 celebrarent,
1133 2312 1289 2356 Latini
1320 2316 1460 2356 autem
1490 2312 1540 2355 in
1571 2313 1662 2356 sub-

151 2378 387 2429 sequentem
412 2373 671 2417 dominicum
691 2373 803 2416 illud
821 2373 1057 2426 differrent,
1090 2372 1154 2415 ita
1179 2377 1227 2415 ut
1244 2372 1313 2415 illi
1334 2372 1483 2415 lunam
1507 2372 1661 2415 XV—

8 2446 30 2491 {³³
92 2450 127 2476 35
155 2434 296 2489 XXI,
329 2433 377 2477 hi
411 2434 460 2476 X
471 2432 770 2477 VI—XXII.
805 2434 1086 2487 observarent,
1127 2432 1219 2487 ipse
1249 2436 1472 2486 utrumque
1494 2432 1663 2486 pascha

151 2495 442 2549 adnotaverat,
496 2493 689 2537 electioni
731 2492 888 2548 papali
938 2492 1189 2536 decisionem
1242 2496 1372 2535 totam
1422 2505 1661 2535 reservans.

153 2553 284 2598 Scotti
315 2568 409 2597 cum
439 2553 714 2597 Brittonibus
742 2557 924 2607 utraque
955 2552 1122 2596 ratione
1161 2551 1403 2607 improbata
1434 2551 1603 2605 pascha
1634 2566 1663 2594 a

152 2614 258 2657 luna
281 2614 419 2657 XIV.
445 2628 577 2668 usque
601 2615 661 2657 ad
683 2613 794 2656 XX.
818 2614 1099 2666 celebrabant,
1133 2625 1306 2666 cumque
1327 2611 1378 2654 in
1398 2610 1663 2665 aequinoctio

154 2755 191 2801 1)
225 2756 399 2800 Prosperi
424 2756 570 2799 chron„
597 2756 701 2791 Aua.
728 2756 840 2799 antiq.
866 2755 937 2798 IX,
960 2766 997 2799 p.
1014 2756 1096 2790 473.
1148 2753 1206 2796 Cf.
1231 2753 1286 2789 W.
1312 2752 1476 2795 Levison,
1502 2751 1668 2794 ‘Bischof

92 2808 128 2834 ιο
154 2804 359 2838 amanus
382 2814 449 2839 von
473 2803 665 2846 Auxerre’,
691 2804 749 2839 qv.
776 2801 900 2839 Arcu!
922 2802 1067 2846 XXIX,
1088 2813 1128 2847 p.
1147 2803 1204 2838 98.
1232 2802 1311 2837 167.
1412 2799 1448 2845 2)
1474 2799 1586 2842 Beda,
1612 2797 1661 2838 Η.

152 2851 229 2888 eccl.
255 2851 330 2895 III,
348 2853 383 2889 4.
481 2850 518 2897 3)
544 2851 598 2887 Ib.
625 2851 678 2895 II,
695 2852 729 2887 2.
812 2850 850 2897 4)
878 2850 1041 2885 Concilia
1065 2850 1116 2886 ed.
1143 2850 1315 2884 Maassen
1339 2848 1371 2891 I,
1389 2849 1447 2884 87.
1546 2848 1583 2891 5)
1609 2846 1664 2880 De

153 2901 356 2944 quaestione
372 2899 544 2944 paschali
556 2900 597 2934 in
614 2899 807 2933 annalibus
823 2901 959 2934 nostris
969 2899 1117 2942 plenius
1132 2898 1288 2931 disserui
1305 2896 1402 2938 (‘Die
1420 2894 1663 2938 Etnru‘hrunq

152 2948 213 2982 des
244 2947 483 2991 qrieohischen
507 2947 761 2982 Paschalritus
785 2948 835 2981 im
859 2946 1113 2988 Abendlande',
1139 2945 1198 2981 ‘N.
1224 2943 1350 2979 Arch!
1375 2943 1444 2987 IX,
1473 2943 1540 2978 101
1557 2946 1662 2986 sqq).
