2008 3302
5 437 18 511 nug-..-

8 847 11 858 “
12 823 14 828 ‘
8 689 25 810 “κ,κ·’“·.ῖ··

120 995 156 1021 10

122 1293 156 1320 15

121 1892 157 1919 25

123 2312 158 2338 ³0

124 2491 159 2518 35

124 2820 161 2846 40

497 268 667 315 IONAS,
693 270 821 307 VITA
846 270 1102 309 IOHANNIS
1126 273 1361 311 ABBATIS.
1610 276 1680 312 343

179 393 259 448 qui
284 392 561 449 sepulcrum,
595 392 676 435 ubi
700 393 895 448 reliquie
916 396 1064 437 sancti
1086 397 1287 451 corporis
1310 397 1435 439 beati
1456 397 1680 440 Iohannis

180 452 365 496 condite
399 455 543 502 erant,
576 452 626 494 in
658 451 761 495 loco
791 453 841 494 in
873 467 963 508 quo
996 469 1118 497 nunc
1152 458 1220 498 est
1252 457 1464 499 mutavit.

324 563 424 602 203²
470 559 568 602 Nec
611 560 862 602 absurdum
903 561 1088 603 videtur
1135 563 1243 604 huic
1291 564 1419 618 operi
1464 564 1678 614 inserere,

179 633 267 676 que
311 623 424 662 tunc
468 620 518 661 in
562 633 615 662 ea
660 622 769 662 sunt
816 623 921 663 acta
952 620 1343 665 *commutatione
1408 623 1526 666 Nam
1575 638 1680 667 cum

180 680 442 736 sepulcrum
473 679 593 721 illud
626 693 653 722 a
684 679 786 722 loco
827 681 876 722 in
909 694 998 736 quo
1031 682 1233 736 positum
1266 685 1365 724 erat
1398 683 1594 726 avellere
1627 697 1679 726 ac

180 741 464 783 commutare
494 739 762 791 voluissent,
811 736 901 796 [etb
939 740 1124 783 sublata
1164 742 1305 784 humo
1347 742 1563 797 undique,
1605 758 1681 786 ne-

179 813 410 856 quaquam
450 802 610 842 tamen
651 800 942 855 sarcofagum
986 814 1168 843 movere
1212 798 1429 857 possent],
1474 803 1680 845 triduani

178 859 340 902 ieiunii
372 859 527 902 subire
559 859 765 902 laborem
799 855 1025 902 consiliib⁸
1049 860 1156 902 fuit.
1210 860 1352 903 cume
1379 862 1471 903 iam
1502 859 1675 905 terciad

180 919 278 963 dies
311 922 363 962 αθ
391 919 566 962 ieiunio
597 919 767 971 illuxit,
794 943 854 948 —
879 922 979 962 erat
1012 921 1133 963 enim
1156 920 1213 962 X.
1239 916 1396 963 Kals.f
1424 920 1636 964 Octobris
1652 922 1679 973 ¹,

178 979 229 1021 in
260 993 351 1035 quo
383 979 458 1022 die
489 980 754 1022 veneranda
784 979 1016 1022 festivitas
1048 980 1174 1022 beati
1204 980 1449 1023 Mauricii2
1480 982 1680 1024 martiris

180 1053 285 1082 cum
327 1039 461 1082 sociis
502 1039 596 1082 suis
628 1039 802 1082 mundo
835 1039 960 1082 clara
992 1040 1225 1091 nitescitg,
1268 1063 1326 1068 —
1358 1043 1406 1083 et
1436 1041 1558 1083 fessa
1588 1042 1680 1083 iam

179 1099 352 1142 ieiunio
384 1099 590 1142 membra
621 1101 726 1155 post
751 1095 1035 1142 matutinosh
1063 1102 1226 1142 cantus
1247 1114 1428 1142 rursum
1450 1100 1498 1141 in
1521 1114 1680 1156 sopore

179 1154 543 1215 requiescerent¹
558 1194 567 1211 ,
590 1160 777 1215 quidam
800 1173 938 1202 senex
960 1159 1201 1202 ecclesiam
1225 1156 1509 1215 [introiensk,
1533 1162 1681 1203 cernit

180 1219 342 1262 beatos
367 1216 526 1274 senes],
557 1215 760 1275 sibiquel
791 1219 1039 1261 videbatur
1060 1219 1317 1262 Iohannem
1341 1222 1388 1262 et
1410 1219 1680 1262 Silvestrum

180 1281 290 1322 ante
322 1279 586 1335 sepulcrum
618 1280 836 1322 adstarem
858 1282 997 1334 atque
1024 1280 1095 1321 his
1118 1280 1195 1334 qui
1219 1294 1323 1322 cum
1355 1280 1419 1322 eis
1451 1280 1679 1330 inerantn,

181 1338 299 1389 albis
337 1339 544 1382 vestitis⁰
582 1339 726 1389 stolis,
759 1340 1000 1395 imperare,
1034 1341 1088 1380 ut
1119 1339 1380 1394 sepulcrum
1412 1343 1676 1382 moverentp

182 1413 235 1442 ac
266 1400 315 1441 in
346 1399 499 1442 locum
531 1399 614 1442 ubi
645 1413 768 1442 nunc
802 1402 872 1442 est
900 1400 1040 1442 situm
1063 1399 1420 1455 promoverintq.
1476 1399 1682 1454 Cumque

180 1459 262 1502 ille
303 1460 469 1502 audaci
510 1460 663 1502 animo
705 1461 926 1510 cerneret,
970 1460 1082 1514 quid
1122 1461 1350 1515 ageretur,
1393 1473 1420 1501 a
1457 1459 1681 1509 Iohanne,

180 1521 236 1562 ut
255 1519 355 1576 ipse
377 1520 704 1571 arbitrabatur,
727 1520 993 1575 increpatus
1017 1521 1107 1562 est:
1138 1518 1271 1570 ‘Our',
1299 1519 1473 1574 inquid,
1499 1519 1677 1561 ‘ausus‘

181 1579 423 1622 ecclesiam
469 1579 732 1622 introistis?
794 1577 911 1622 Sedt
951 1580 1060 1635 quia
1111 1579 1310 1635 simplici
1362 1579 1498 1621 corde
1548 1580 1682 1620 tuum

183 1640 378 1696 cognovi
407 1640 666 1691 introitum,
700 1639 845 1691 vade‘,
878 1639 1054 1694 inquid,
1090 1639 1151 1681 ‘et
1178 1639 1359 1681 concito
1393 1638 1553 1694 gradu,
1586 1640 1682 1680 tam

182 1699 505 1743 Leubardinou
547 1714 685 1755 quam
737 1700 973 1742 sodalibus
1021 1699 1282 1748 excitatisv,
1336 1700 1522 1754 ceptum
1569 1712 1683 1753 opus

184 1760 276 1802 cito
309 1760 571 1816 peragantl‘
636 1760 852 1803 Festinus
883 1759 965 1802 ille
1002 1763 1057 1801 aq
1089 1759 1434 1802 Leubardinum
1468 1757 1682 1800 abbatem

183 1820 387 1862 cucurrit
434 1834 487 1863 ac
532 1821 601 1863 rei
647 1823 775 1876 geste
824 1833 1008 1862 causam
1058 1819 1389 1874 deprompsitw.
1452 1817 1541 1859 Ille
1579 1832 1683 1859 cum

182 1879 277 1922 suis
344 1894 486 1923 ovans
558 1880 778 1930 surrexit,
852 1883 935 1922 acX
1002 1879 1161 1935 agnita
1230 1879 1473 1921 voluntate
1545 1879 1683 1932 atque

182 1940 512 1995 permissione?
584 1940 768 1996 proprie
840 1939 1125 1990 devocionis,
1199 1940 1438 1994 surgentes
1511 1939 1675 1992 atquez

182 2000 446 2056 sepulcrum
488 2002 767 2052 amoventes,
817 2003 899 2042 eoa
935 2000 985 2041 in
1025 1999 1127 2042 loco
1171 1999 1252 2041 ubi
1293 2012 1415 2040 nunc
1457 1999 1527 2040 est
1568 2011 1684 2039 com-

181 2061 437 2112 mutarunt,
481 2055 555 2102 etb
599 2060 658 2102 ad
699 2061 911 2102 sanctum
952 2059 1171 2102 altarium
1214 2072 1318 2100 cum
1360 2057 1550 2100 consilio
1592 2057 1683 2112 epi-

324 2238 414 2270 Capp.
436 2239 480 2264 19.
502 2238 545 2266 20.
577 2238 640 2263 A2.
661 2238 692 2264 C.

327 2312 408 2343 Cap.
428 2312 471 2337 20.
512 2311 540 2345 a)
560 2318 616 2338 om.
638 2311 701 2337 ΑΞ.
775 2310 805 2344 b)
826 2314 856 2336 et
875 2324 908 2329 -
929 2312 1053 2342 possent
1071 2317 1126 2335 om.
1148 2310 1218 2342 A23
1238 2316 1274 2334 ex
1290 2309 1313 2334 C
1330 2315 1363 2333 ea
1382 2308 1500 2334 inserui.
1574 2305 1624 2340 b*)
1645 2308 1686 2331 ita

183 2347 305 2379 scripsi,-
329 2347 487 2373 consilium
506 2348 569 2373 ΛΞ.
592 2347 622 2372 C.
698 2346 724 2380 c)
751 2346 825 2372 Cum
846 2347 925 2372 enim
945 2346 1003 2371 iam
1022 2346 1093 2378 A2;
1118 2345 1253 2377 Cumque
1275 2344 1334 2370 iam
1354 2344 1385 2370 0.
1461 2344 1490 2376 d)
1516 2344 1626 2368 tercius
1653 2342 1684 2368 C.

184 2383 212 2417 e)
239 2383 268 2409 d.
294 2383 399 2409 ieiunii
424 2383 575 2409 illuxisset
600 2382 631 2408 C.
725 2383 748 2414 i)
773 2383 949 2408 Decembris
973 2382 1054 2414 add„
1079 2382 1129 2406 sed
1154 2382 1236 2407 delet.
1257 2381 1321 2406 ΑΞ.
1414 2379 1444 2413 g)
1471 2379 1596 2404 nitescie
1621 2379 1684 2404 Aa

183 2419 216 2453 h)
235 2420 452 2445 matutinorum
471 2420 503 2445 C.
578 2419 599 2452 i)
619 2419 662 2444 ita
680 2419 750 2451 Α2;
771 2419 963 2451 quiescerent
982 2419 1012 2445 C.
1085 2416 1117 2450 k)
1136 2418 1179 2442 ita
1191 2418 1231 2448 C‚·
1249 2416 1393 2442 introiens
1407 2430 1440 2434 —
1455 2422 1541 2441 senes
1553 2422 1607 2442 om.
1621 2415 1647 2439 A
1658 2415 1684 2441 2.

184 2455 206 2489 l)
231 2458 264 2481 ut
283 2456 340 2481 sibi
360 2455 391 2481 C.
466 2457 507 2487 m)
532 2458 614 2481 stare
633 2457 659 2479 et
678 2455 747 2480 add.
769 2455 820 2486 qui
839 2455 867 2480 ei
888 2455 919 2479 in
937 2453 1082 2485 regimine
1101 2454 1160 2479 loci
1182 2455 1367 2478 successerat
1387 2452 1418 2477 C.
1493 2451 1524 2484 n)
1551 2454 1636 2476 erant
1656 2450 1686 2477 C.

184 2491 214 2524 o)
239 2491 283 2516 ita
302 2492 325 2517 C
341 2491 470 2523 (Men.);
491 2491 595 2517 vestiti
613 2491 678 2517 ΑΞ.
772 2490 803 2523 p)
829 2493 986 2516 moventes
1005 2490 1037 2514 in
1057 2490 1155 2515 locum
1175 2487 1376 2522 perducerent
1396 2486 1632 2513 destinatum
1653 2486 1683 2511 C.

185 2527 216 2561 q)
241 2528 284 2553 ita
301 2527 364 2555 As.
437 2526 465 2560 r)
484 2534 515 2553 es
535 2528 604 2554 add.
625 2528 656 2553 C.
733 2527 757 2560 s)
778 2526 904 2552 introire
925 2526 954 2552 C.
1032 2525 1055 2559 t)
1070 2533 1121 2556 pr.
1141 2532 1180 2550 m.
1201 2531 1342 2557 superscr.
1363 2524 1427 2549 ΔΞ.
1501 2523 1532 2555 u)
1555 2523 1685 2553 Leopar-

184 2563 288 2588 diuum
307 2570 397 2595 quam
417 2561 535 2589 sodales
556 2564 587 2588 C.
653 2563 683 2596 v)
704 2563 745 2587 ita
764 2563 831 2595 A23
853 2562 985 2588 excitato
999 2564 1024 2587 et
1037 2561 1105 2586 add.
1121 2564 1154 2586 ut
1166 2561 1197 2586 0.
1263 2560 1303 2593 w)
1317 2558 1467 2591 depromit
1480 2558 1506 2583 A
1517 2559 1542 2585 2.
1606 2556 1636 2583 x)
1651 2564 1685 2581 ac

185 2599 255 2631 agni
274 2599 338 2625 eius
357 2607 386 2627 v.
405 2599 474 2631 A23
490 2602 559 2630 post
579 2603 611 2624 et
629 2606 656 2624 a.
678 2607 707 2624 v.
729 2599 797 2624 add.
819 2599 913 2623 sancti
933 2597 991 2622 viri
1011 2598 1042 2623 C.
1108 2597 1140 2630 y)
1160 2596 1308 2628 permissu
1328 2596 1358 2621 C.
1425 2595 1451 2627 z)
1466 2598 1495 2620 et
1509 2594 1539 2620 C.
1606 2596 1634 2624 a)
1654 2594 1684 2617 in

183 2635 283 2661 locum
302 2633 541 2661 destinatum
561 2635 635 2660 illud
654 2642 760 2660 comm.
782 2634 812 2662 C.
885 2634 915 2668 b)
935 2634 976 2658 ita
995 2633 1063 2666 A23
1085 2640 1112 2659 c.
1134 2633 1191 2658 Ubi
1210 2635 1240 2658 et
1259 2639 1283 2657 s.
1304 2631 1334 2656 C.

187 2809 225 2854 1)
256 2808 422 2843 Eundem
453 2809 546 2842 diem
580 2809 774 2843 translatio
807 2808 877 2842 illa
910 2809 946 2841 in
983 2805 1251 2848 Mem-tyroloyio
1275 2803 1489 2837 Reomaensi
1519 2804 1683 2844 occupat,-

185 2858 231 2900 οῗ.
257 2856 314 2892 ‘N.
339 2856 465 2892 Arch!
491 2857 514 2891 l.
541 2857 562 2892 l.
660 2857 698 2900 2)
734 2856 916 2890 Mauricio
940 2857 1142 2888 etiamnunc
1176 2852 1316 2885 ecclesia
1349 2851 1469 2884 dicata
1502 2852 1560 2891 est,
1595 2858 1684 2891 quae

186 2905 308 2948 locum,
335 2904 396 2938 ubi
413 2904 594 2939 Iohannes
619 2904 778 2948 sepultus
801 2914 872 2937 esse
896 2903 1044 2945 videtur,
1073 2901 1212 2943 Corpus
1227 2899 1345 2932 sancti
1365 2898 1486 2940 (hodie
1504 2896 1684 2939 Cor-euim)

186 2954 411 2987 nominatum
437 2955 592 2996 occupat.

1706 642 1752 674 ''P-
1764 642 1828 669 51¹1.

1706 939 1789 971 Sept.
1805 939 1849 965 22.
