2008 3302
384 269 455 304 308
705 263 873 308 IONAS,
891 262 1022 298 VITA
1038 260 1292 298 VEDASTIS
1316 260 1562 298 EPISOOPI.

385 388 537 429 habere
568 399 655 428 non
677 389 858 439 poterat,
891 399 977 438 qua
1008 399 1050 426 a.
1074 387 1174 425 507.
1204 384 1368 426 demum
1395 381 1590 426 Francos
1612 382 1770 437 potitos
1798 398 1888 428 csse

384 445 526 499 voluit,
569 449 692 499 atque
725 448 953 499 praeterea
984 458 1077 486 cum
1108 442 1379 485 Arianorum
1419 442 1564 486 studia
1604 442 1743 486 animi
1771 443 1888 498 reyis

385 506 659 548 Francorum
691 503 899 558 capiendi,
943 507 1030 546 tum
1061 502 1153 546 alia
1184 501 1407 556 reliyionis
1437 516 1569 545 causa
1599 506 1676 546 aut
1699 507 1886 557 praeter-

383 564 504 607 misit
527 568 603 607 aut
625 562 874 606 immutavit.
918 563 991 605 Ita
1007 561 1370 617 Buryundionum
1393 563 1505 615 quod
1523 561 1714 605 Francis
1738 566 1886 606 contra

391 624 551 666 Gothos
591 638 631 666 a.
667 626 765 665 507.
800 623 987 665 tulerant
1022 621 1236 665 auxilium
1267 621 1438 664 omnino
1478 621 1711 675 suppressit
1722 622 1748 676 ¹,
1790 621 1886 665 odio
1911 639 1930 666 5
1983 673 1987 679 .

385 682 654 725 Arianorum
687 683 836 725 bellum
868 685 1110 725 commotum
1136 695 1223 724 esse
1248 685 1448 734 statuens,
1481 682 1593 735 quod
1614 681 1776 734 falsum
1799 695 1887 725 esse

384 743 473 784 iam
494 742 706 796 Malnoris
718 741 938 795 perspexit
950 743 983 796 2;
1006 741 1070 783 ita
1091 755 1132 783 a.
1152 745 1251 783 522.
1275 741 1334 783 ad
1353 754 1493 783 necem
1517 740 1605 794 filii
1625 741 1886 797 expiandam

385 817 414 845 a
446 801 720 856 Siyismunolo
752 801 1030 856 psallentium
1062 800 1283 843 assiduum
1314 801 1432 854 apud
1459 800 1737 844 Acaunenses
1765 800 1886 844 insti-

385 865 518 904 tutum
558 875 644 904 esse
686 860 856 915 voluit3,
898 862 1010 927 quod
1047 874 1094 903 re
1125 874 1227 902 vera
1258 875 1298 902 a.
1324 863 1423 901 515.
1457 859 1550 903 alia
1579 860 1630 903 de
1659 874 1793 903 causa
1821 859 1886 903 in·
2002 890 2005 910 ,v

384 920 574 964 stitutum
614 921 715 963 est4.
785 919 992 974 Greyorio
1032 919 1175 973 itaque
1215 921 1317 962 duce
1358 919 1466 962 satis
1504 921 1632 973 firmo
1669 919 1721 963 in
1762 921 1888 964 rebus
1913 937 1950 965 ιο
1984 932 2003 980 4

385 980 505 1023 illius
536 980 631 1023 aevi
662 979 966 1023 examinandis
995 979 1060 1022 uti
1090 980 1165 1032 fas
1194 993 1281 1022 non
1312 983 1383 1022 est.

534 1039 815 1082 Theodericus
845 1053 922 1082 rex
959 1039 1300 1093 Ostroyothorum
1337 1040 1397 1082 ad
1432 1037 1761 1083 Chlodovechum
1790 1044 1890 1094 post

384 1099 607 1142 victoriam
638 1099 975 1142 Alamannieum
1007 1098 1170 1142 litteras
1202 1098 1326 1152 dedit,
1358 1102 1406 1141 ut
1436 1097 1587 1142 devicti
1609 1098 1762 1153 populi
1791 1099 1886 1142 reli-

385 1158 499 1213 quiis
531 1162 731 1213 parceret
769 1158 819 1201 in
857 1158 996 1212 ipsius
1034 1160 1145 1211 fines
1184 1158 1525 1213 confugientibus
1538 1158 1567 1199 ⁵.
1635 1159 1757 1213 Quod
1794 1173 1886 1202 con·
1986 1212 1992 1219 .-

385 1218 662 1261 sentientibus
692 1218 870 1272 reliquis
899 1218 1090 1271 fontibus
1121 1233 1161 1260 a.
1191 1221 1290 1260 507.
1324 1217 1547 1273 contiyisse
1578 1222 1746 1273 oportet,
1778 1232 1887 1262 cum-
1912 1235 1948 1262 ιι
1982 1240 1991 1247 ·=

385 1292 464 1332 que
525 1278 739 1333 triumpho
790 1277 1079 1320 Alamannico
1136 1277 1389 1332 baptismum
1448 1277 1562 1331 reyis
1613 1277 1888 1322 Francorum
1988 1318 1993 1328 ,

393 1337 627 1392 Greyorius
674 1337 933 1391 adiunoeerz‘t,
981 1338 1093 1380 hunc
1137 1339 1195 1380 acl
1239 1337 1350 1380 idem
1396 1341 1558 1393 tempus
1601 1337 1763 1381 rettulit
1803 1338 1884 1381 Fr.
1927 1370 1930 1375 -
1979 1347 1993 1375 2

396 1398 523 1452 Voyel
536 1398 563 1451 ⁶,
611 1397 669 1440 iol·
703 1399 815 1451 quod
851 1402 1027 1451 propter
1071 1398 1215 1455 urbem
1268 1397 1526 1440 Turonicam
1571 1401 1612 1441 et
1653 1397 1744 1452 ipse
1786 1397 1886 1451 feci.

387 1457 526 1499 Porro
557 1456 737 1500 victoria
774 1457 852 1499 illa
883 1472 911 1500 a
941 1457 1177 1512 receptione
1207 1457 1554 1500 Alamannorum
1585 1456 1888 1512 distinyuenda
1994 1499 1995 1503 ,

387 1521 457 1570 est,
487 1530 593 1570 quae
619 1517 749 1559 annis
774 1516 995 1559 nonnullis
1011 1521 1111 1570 post
1132 1517 1254 1560 illam
1280 1517 1399 1569 facta
1424 1531 1511 1560 esse
1531 1521 1667 1571 potest
1681 1517 1707 1559 ⁷.
1755 1517 1887 1560 Pme-
1911 1533 1950 1560 ὀ
1970 1519 1971 1522 ’

387 1580 502 1619 terea
542 1576 753 1630 baptizato
794 1576 885 1630 reyi
917 1576 1190 1619 Francorum
1223 1576 1419 1619 Nicetius
1458 1590 1526 1619 res
1565 1575 1763 1620 attribuit
1797 1590 1886 1620 non

386 1636 520 1678 solum
561 1636 608 1678 in
639 1635 877 1689 Alaricum,
925 1636 999 1678 sed
1043 1636 1171 1679 etiam
1209 1636 1260 1678 in
1300 1635 1610 1679 Gundebadum
1654 1635 1887 1680 haereticos

383 1700 534 1749 qestas,
558 1709 665 1749 quae
686 1696 744 1737 acl
765 1696 872 1738 bella
896 1695 1229 1750 Wisiyothorum
1251 1695 1314 1749 (a.
1333 1697 1441 1751 507)
1465 1700 1504 1738 et
1522 1695 1886 1750 Buryundionum

387 1753 450 1808 (a.
475 1757 582 1810 500)
615 1759 802 1809 spectare
830 1754 1040 1809 videntur,
1081 1755 1268 1809 illudque
1296 1755 1475 1810 yravius
1505 1755 1640 1798 simili
1669 1755 1887 1800 occasione
1974 1791 1991 1816 ,3

385 1818 483 1857 ante
514 1815 590 1857 hoc
621 1814 837 1857 collocavit
865 1814 956 1868 ipse
988 1815 1221 1869 Greyorius
1233 1816 1262 1856 8.
1315 1815 1383 1857 Ab
1415 1829 1531 1858 anno
1561 1819 1663 1858 496.
1695 1815 1886 1859 recedere
1908 1831 1948 1859 ιο
1990 1831 1991 1867 5

385 1888 548 1916 necesse
578 1874 752 1916 minime
784 1879 853 1928 est,
896 1874 935 1916 si
966 1875 1110 1917 urbem
1147 1874 1405 1918 Turonicam
1436 1875 1628 1918 Francis
1665 1879 1764 1918 tunc
1794 1875 1884 1918 sub—
1970 1878 1993 1930 Ὶζ

384 1933 535 1976 iectam
567 1948 654 1976 esse
685 1933 896 1988 statueris,
937 1933 1111 1988 ideoque
1151 1934 1392 1977 coniectura
1423 1934 1718 1979 Levisoniana
1754 1938 1885 1990 gyrata
1971 1962 1995 1985 -;

384 1998 632 2047 acceptaque
662 1993 859 2036 habenda
899 1997 970 2036 est.
1040 1995 1161 2047 Quod
1200 1998 1338 2037 autem
1379 1998 1477 2037 ante
1517 1994 1592 2037 hos
1622 2007 1762 2038 annos
1791 2007 1883 2038 con·
1962 1995 1996 2011 ’“

384 2053 602 2106 cluseram,
637 2053 784 2095 Remis
813 2067 950 2107 reyem
973 2053 1232 2107 baptizatum
1258 2053 1434 2097 minime
1458 2068 1545 2097 esse
1574 2067 1706 2109 neque
1729 2067 1884 2098 causas

383 2112 469 2166 ipsi
508 2112 644 2165 fuisse
683 2127 767 2166 eas,
816 2127 923 2166 quas
969 2112 1205 2168 Gregorius
1244 2113 1284 2156 ei
1324 2113 1552 2168 siwosuit,
1599 2113 1720 2157 urbis
1762 2113 1884 2157 illius
1907 2126 1945 2156 oo
1988 2139 1991 2156 ;

384 2173 626 2224 defensores
647 2186 807 2226 semper
827 2172 1047 2215 reminisci
1067 2174 1189 2227 decet,
1217 2173 1459 2229 opinionem
1479 2187 1623 2217 eorum
1642 2187 1749 2217 saec.
1772 2173 1881 2218 VII.
1987 2181 1989 2190 ⁴

383 2233 489 2274 med.
523 2233 687 2275 demum
718 2232 934 2275 emersisse
965 2234 1083 2286 apud
1111 2237 1315 2286 auctores,
1348 2232 1422 2287 qui
1452 2233 1563 2277 sicut
1590 2232 1884 2288 Fredeyarius

384 2291 434 2333 de
470 2291 677 2346 baptismo
715 2292 833 2358 falsa
873 2296 1015 2346 aperte
1054 2293 1316 2347 rettulerunt,
1359 2297 1483 2347 atque
1520 2292 1723 2348 Greyorii
1758 2306 1883 2348 aryu—
1938 2298 1944 2305 '

383 2350 680 2394 mentationem
726 2351 864 2405 accipi
910 2366 997 2394 non
1036 2366 1161 2405 posse
1199 2352 1273 2395 vix
1311 2352 1537 2407 quisquam
1576 2352 1763 2408 neyabit,
1808 2351 1883 2406 qui

384 2411 540 2464 absque
570 2410 767 2464 opinione
789 2411 1094 2465 praeiudicata
1122 2413 1182 2454 acl
1205 2416 1395 2455 auctores
1419 2412 1616 2466 aequales
1646 2411 1880 2456 accesserit.
1905 2424 1946 2455 w

1415 2495 1468 2539 Β.
1502 2496 1736 2540 Krusch.

385 2622 421 2667 1)
458 2622 522 2658 SS.
551 2632 623 2658 rer.
649 2622 780 2658 Mei-ov.
807 2623 883 2666 III,
911 2634 951 2667 p.
975 2625 1058 2666 467,
1091 2635 1127 2660 n.
1151 2625 1184 2660 5.
1294 2625 1331 2671 2)
1366 2625 1553 2669 Malnory,
1579 2625 1746 2660 ‘Ce'saire'
1765 2635 1806 2669 p.
1824 2626 1880 2662 91.
1956 2651 1957 2654 η

383 2671 420 2714 3)
449 2669 567 2714 θνεφ,
592 2670 642 2706 H.
658 2670 725 2706 Fr.
741 2670 819 2712 HI,
837 2673 870 2707 5.
959 2671 996 2714 4)
1023 2671 1120 2715 qui,
1146 2672 1430 2717 ‘Kirchenyesch
1456 2674 1521 2707 der
1542 2672 1707 2708 Schweiz’
1733 2671 1880 2717 (‘Theo-
1943 2674 1954 2679 '⁷

383 2717 535 2761 loqische
559 2718 731 2754 Zeitschr.
759 2729 827 2752 aus
851 2719 916 2752 der
931 2718 1100 2753 Schweiz’
1120 2721 1223 2762 1892,
1242 2720 1311 2763 IX,
1332 2732 1372 2765 p.
1390 2722 1454 2762 86)
1462 2736 1474 2765 ,·
1497 2721 1651 2764 Arnold,
1676 2720 1882 2756 ‘Caesarius

383 2776 413 2801 v.
439 2765 594 2800 Arelate’
616 2777 654 2810 p.
672 2767 755 2809 210,
786 2768 848 2810 qui
878 2767 926 2800 ad
954 2769 1223 2810 praymaticam
1248 2779 1355 2812 quam
1379 2769 1502 2802 dicunt
1527 2769 1684 2803 auctoris
1706 2769 1881 2804 rationem
1902 2777 1955 2806 ωι

382 2814 528 2847 eandem
553 2813 690 2855 falsam
721 2824 879 2848 errorem
903 2819 992 2848 recte
1027 2815 1173 2850 rettulit.
1296 2815 1332 2862 5)
1360 2816 1568 2851 cassiodori
1588 2815 1723 2850 Variae
1747 2815 1802 2860 II,
1820 2817 1879 2853 40.

384 2860 419 2905 6)
439 2861 490 2894 ‘N
491 2889 497 2896 .
513 2861 638 2897 Arch.’
651 2861 802 2904 XXIII,
824 2873 863 2905 p.
877 2863 933 2898 74.
1009 2863 1044 2905 7)
1063 2863 1121 2898 (Ν.
1140 2863 1264 2897 Arch.’
1281 2863 1373 2904 XII,
1386 2875 1423 2908 p.
1442 2865 1511 2900 295
1522 2875 1533 2903 ;
1550 2863 1756 2907 Mommsen,
1774 2864 1879 2900 Aua.
1948 2862 1950 2865 ’

384 2910 495 2951 antiq.
513 2909 605 2951 XII,
626 2920 664 2952 p.
683 2909 872 2945 XXXIII.
969 2911 1006 2954 8)
1024 2910 1073 2944 At
1092 2910 1301 2955 Gregorius,
1327 2911 1377 2947 H.
1394 2911 1460 2947 Fr.
1474 2911 1548 2951 III,
1573 2910 1683 2955 Prot„
1711 2911 1879 2946 bellorum
1951 2921 1955 2925 ’
1990 2947 1991 2951 ,

383 2966 516 2999 quoque
548 2958 724 2990 rationem
755 2957 919 2991 habuisse
951 2957 1102 3002 videtur,
1136 2969 1225 3003 quae
1250 2959 1322 3002 filii
1345 2959 1573 2994 Chlodovechi
1603 2969 1682 2993 cum
1706 2957 1878 3003 Buryun-
1908 2983 1916 2998 =,
1941 2966 1950 2974 '⁴
1987 2975 1990 2995 ι,

382 3003 548 3037 dionibus
570 3008 762 3047 qesserant.
1900 3014 1954 3046 451)-
1987 3014 1989 3018 “
