2008 3302
391 298 441 333 20
678 292 846 338 IONAS,
863 291 1027 329 VITAE
1053 291 1361 329 OOLUMBANI
1386 291 1531 328 LIBRI
1554 290 1608 329 ΙΙ.

394 417 445 460 Is
476 415 655 470 denique
686 414 958 458 solitudinem
992 427 1107 457 more
1144 428 1220 456 suo
1259 413 1414 456 iterum
1452 412 1575 456 adire
1615 411 1897 466 desiderabat,

396 489 567 542 cumque
598 478 859 549 coynosceret
888 474 1021 517 locum
1051 474 1239 516 ubertate
1258 473 1499 539 fecundum,
1522 473 1648 539 aquis
1667 471 1896 526 irriqwum,

268 552 315 584 p
328 552 372 581 ιε.
387 535 575 590 piscium
621 533 742 588 copia
789 533 1021 588 insiynem
1065 532 1280 576 Bobiuml
1325 532 1495 575 nomine
1543 532 1593 574 in
1638 530 1900 586 Apennino²

396 593 523 637 situm
555 607 642 636 esse
673 594 733 636 ad
760 592 901 635 rivum
937 592 1122 635 eiusdem
1162 591 1363 645 nominis,
1405 591 1524 634 haud
1553 591 1708 645 procul
1743 589 1900 633 Trebia

396 653 471 696 illo
513 653 682 708 perfido
723 653 901 706 fluente,
949 666 995 695 eo
1034 666 1078 694 se
1118 650 1294 695 contulit
1338 650 1639 717 basilicamque
1684 663 1792 704 quae
1836 648 1900 692 ibi
1924 665 1949 692 5·

398 713 568 755 extabat
608 712 653 755 S.
687 711 808 754 Petri
847 710 1094 754 semirutam
1126 710 1274 765 prisco
1314 710 1454 753 decor-i
1493 709 1719 752 restituens
1757 722 1900 752 mona-

397 771 571 814 sterium
606 772 684 814 SS.
709 770 831 814 Petri
863 775 902 813 et
931 770 1065 813 Pauli
1096 774 1336 813 construere
1359 769 1551 824 paravit.
1604 767 1809 823 Mamm-⁸
1837 767 1902 811 ibi

398 831 699 874 monachorum
731 830 999 884 conqreqatio
1031 829 1256 872 coniuncta
1287 833 1358 883 est,
1392 829 1442 871 de
1463 827 1618 871 litteris
1638 825 1902 871 humaniori-

399 892 475 934 bus
516 889 666 944 optime
705 889 880 943 merita,
927 888 1313 943 monasteriumque
1359 887 1671 931 celeberrimum
1711 901 1740 929 a
1776 885 1902 942 prin-

1995 231 2008 257 :J
1990 24 2008 222 fflmss'*

1995 374 2008 404 ἣν.
1994 307 2008 366 luten
1996 271 2008 281 11

399 949 566 1006 cipibus
611 949 901 1002 nobilibusque
946 947 1252 1003 Lanyobardis
1292 946 1632 1002 possessionibus
1677 947 1796 1001 larye
1840 945 1902 989 di·
1927 963 1966 989 ιο
2006 960 2008 971 ²

400 1013 534 1052 tatum
564 1009 627 1051 vel
658 1007 860 1063 episcopii
891 1022 1043 1050 nomen
1074 1006 1254 1061 denique
1284 1006 1440 1049 meruit
1450 1007 1479 1048 4.

544 1090 754 1134 Miliaria
785 1095 983 1144 quattuor
1013 1104 1064 1133 ex
1095 1089 1211 1132 omni
1244 1090 1374 1132 latere
1405 1087 1607 1132 basilicae
1644 1087 1903 1132 Columbano

400 1150 699 1204 monachisque
730 1149 821 1192 eius
852 1149 1077 1203 Aqilulfus
1108 1153 1300 1202 cesserat,
1335 1147 1508 1191 licentia
1547 1146 1775 1191 habitandi
1804 1161 1904 1204 per·

401 1210 556 1264 missa,
605 1223 736 1263 neque
777 1208 1003 1263 quicquam
1043 1211 1259 1263 exceperat
1294 1212 1470 1264 praeter
1507 1206 1626 1263 putei
1665 1206 1902 1261 dimidium,

402 1270 514 1324 quod
544 1268 781 1312 Sundrarit
810 1267 903 1310 viro
934 1267 1165 1322 magnifico
1195 1267 1284 1310 iam
1315 1268 1475 1310 dudum
1515 1270 1777 1310 concesserat
1814 1280 1905 1310 una
1929 1282 1968 1310 ιε

403 1343 495 1372 cum
527 1328 658 1383 liqnis
689 1329 749 1371 ad
777 1328 889 1370 sales
919 1329 1164 1381 coquendos.
1228 1326 1467 1370 Sundrarit
1495 1340 1582 1369 esse
1611 1324 1906 1370 Sundrarium

403 1388 526 1430 illum
577 1389 722 1430 ducem
767 1388 1172 1441 Lanyobardorum,
1227 1386 1303 1440 qui
1353 1387 1478 1429 rebus
1528 1386 1629 1429 bene
1675 1384 1806 1440 yestis
1855 1385 1906 1429 de

404 1447 600 1501 Aqilulfo
631 1446 800 1500 eiusque
830 1460 1065 1489 successore
1097 1445 1248 1501 optime
1278 1445 1454 1488 meritus
1485 1449 1579 1488 erat
1590 1445 1619 1500 ⁵,
1652 1449 1772 1488 acute
1812 1458 1905 1488 con·

404 1506 504 1550 iecit
533 1507 585 1548 L.
619 1506 686 1548 M.
710 1506 964 1548 Hartmann
977 1506 1004 1559 6,
1038 1519 1211 1558 cumque
1240 1504 1378 1559 ipsius
1408 1504 1482 1547 vix
1511 1504 1737 1559 quisquam
1766 1503 1906 1553 memi-

406 1565 519 1608 nerit
539 1570 719 1621 praeter
749 1565 1084 1608 continuatorem
1115 1564 1320 1618 Prosperi
1340 1563 1635 1607 Havniensem
1650 1564 1663 1589 ⁷
1694 1568 1906 1608 auctorem
1930 1580 1972 1607 ιο

405 1625 496 1678 fere
526 1625 728 1679 iqnotum,
762 1624 836 1678 qui
865 1638 995 1679 usque
1025 1625 1085 1667 ad
1113 1628 1262 1667 nostra
1293 1628 1479 1678 tempora
1511 1623 1561 1666 in
1591 1622 1770 1667 scriniis
1806 1622 1906 1667 deli-

406 1689 555 1738 tuerat,
597 1684 708 1727 idem
740 1698 788 1739 pi
790 1688 965 1738 aecepto
995 1683 1180 1738 Aqilulfi
1221 1687 1259 1726 et
1288 1683 1439 1737 quibus
1478 1682 1589 1726 illud
1626 1683 1908 1750 confirmatur

407 1745 567 1787 duobus
586 1743 837 1786 Adalwaloli
867 1744 994 1796 fidem
1025 1743 1264 1786 habendam
1294 1756 1381 1785 esse
1411 1746 1519 1786 iecte
1550 1741 1775 1786 coniecisse
1800 1740 1908 1785 mihi

406 1803 584 1846 videtur.
653 1803 768 1857 Quae
808 1802 876 1887 in8
888 1803 1038 1846 charta
1068 1802 1293 1845 Ludowici
1323 1802 1395 1844 ΙΙ.
1436 1817 1478 1845 a.
1512 1805 1614 1845 860.
1651 1800 1908 1845 monasterio

405 1862 615 1905 Bobiensi
655 1863 876 1905 concessa8
907 1866 1286 1905 commemorantur
1310 1865 1538 1928 praecepta
1576 1865 1616 1904 et
1644 1860 1831 1916 Aqilulsi
1869 1864 1910 1904 et
1931 1876 1972 1904 ετ»

406 1921 659 1965 Adalwaldi
704 1921 966 1975 aliorumque
1006 1935 1152 1976 requm
1192 1923 1252 1964 ad
1289 1920 1575 1964 immunitatis
1620 1920 1908 1974 defensionem

406 1982 650 2035 spectabant
690 1995 822 2035 neque
867 1981 967 2023 inde
1013 1980 1206 2024 concludi
1251 1980 1347 2024 licet
1391 1979 1594 2023 cessionis
1639 1980 1813 2023 chartas
1858 1981 1908 2023 de

406 2040 558 2094 quibus
589 2040 734 2095 ayitur
764 2045 863 2083 tunc
899 2040 1096 2083 extitisse.
1169 2040 1329 2083 Puteus
1367 2039 1440 2083 ille
1470 2040 1751 2082 Hartmanno
1790 2038 1909 2082 visus

406 2104 468 2142 est
511 2100 611 2152 fons
657 2114 744 2142 esse
783 2099 952 2142 salinus
997 2099 1076 2143 loci
1117 2099 1398 2153 Piancasale,
1447 2098 1568 2142 cuius
1613 2098 1806 2142 sanandi
1844 2097 1909 2142 vis

406 2159 609 2213 hodieque
658 2158 808 2214 maqni
863 2159 1126 2202 aestimatur.
1219 2158 1436 2213 Alpecella
1483 2172 1604 2219 ‚quae
1665 2157 1910 2215 appellatur
1933 2174 1974 2201 ao

409 2324 444 2366 1)
482 2323 522 2356 V.
549 2323 706 2358 Columb.
728 2323 760 2366 I,
778 2325 835 2359 30.
957 2323 995 2368 2)
1031 2323 1183 2357 Bobium
1208 2324 1257 2357 ad
1283 2324 1506 2368 provinciam
1531 2323 1644 2367 Alpes
1669 2321 1804 2357 Cottia-⁹
1822 2332 1910 2366 per-

406 2371 538 2404 tinebat
567 2374 647 2404 teste
671 2371 800 2414 Paulo,
825 2371 922 2406 Hist.
948 2371 1108 2414 Lanyob.
1132 2371 1200 2415 IV,
1218 2373 1281 2407 41:
1308 2370 1601 2415 coenobiumque
1625 2368 1724 2414 quod
1747 2368 1909 2405 Bobium

408 2417 616 2461 appellatur
639 2417 677 2451 in
702 2417 861 2462 Alpibus
885 2416 1013 2452 cottiis
1038 2417 1256 2462 aedificavit,
1292 2417 1664 2463 quodtquadraginta
1687 2416 1836 2452 miljbus
1860 2415 1907 2452 ab

407 2464 500 2499 urbe
534 2464 711 2499 dividitur
745 2464 940 2500 Ticinensi.
988 2467 1023 2500 A
1056 2468 1270 2501 monasterio
1304 2467 1458 2500 alterum
1491 2465 1644 2500 Bobium
1677 2465 1717 2499 in
1749 2464 1909 2510 Alpibus

408 2513 609 2556 Apenninis
625 2514 733 2546 situm
749 2513 840 2546 idem
857 2517 983 2546 auctor
999 2514 1053 2557 II,
1074 2515 1119 2550 18
1141 2515 1371 2557 distinoeerat,
1398 2523 1472 2557 qua
1488 2513 1530 2547 de
1545 2523 1657 2547 causa
1673 2511 1908 2556 reprehensus
1933 2518 1973 2546 36

409 2563 458 2593 est
482 2571 506 2593 a
539 2560 604 2593 Th.
622 2559 826 2602 Mommsen,
853 2560 910 2596 (Ν.
930 2561 1051 2595 Ανοῆ.’
1074 2562 1114 2605 V,
1132 2562 1190 2605 87,
1215 2562 1302 2595 dum
1327 2561 1421 2595 hunc
1445 2561 1556 2594 locum
1574 2570 1691 2605 prope
1715 2560 1907 2594 Sar-sinam

407 2609 515 2643 situm
549 2618 618 2641 esse
648 2609 776 2641 statuit
800 2607 838 2641 J.
867 2608 980 2651 Junq,
1006 2609 1086 2642 ‘Die
1109 2609 1266 2643 Provinz
1290 2607 1354 2642 der
1377 2609 1486 2652 Alpes
1510 2607 1746 2652 Apenninae’,
1775 2607 1906 2643 math.

408 2655 443 2690 d.
480 2655 645 2689 Instituts
694 2656 723 2696 f.
765 2656 965 2690 osterreich.
1011 2656 1359 2699 Geschichtsforsch!
1399 2656 1528 2698 (1902)
1569 2654 1721 2699 XXIII,
1757 2666 1800 2699 p.
1826 2655 1907 2691 156.

408 2702 445 2747 3)
484 2703 635 2746 Paulus,
671 2703 767 2738 Hist.
802 2703 960 2746 Lanqob.
988 2703 1057 2746 IV,
1086 2706 1142 2739 41.
1261 2705 1298 2748 4)
1334 2703 1516 2747 Uqhellus,
1547 2702 1662 2736 Italia
1694 2713 1804 2736 sacra
1836 2702 1906 2746 IV,

408 2750 471 2785 col.
498 2751 567 2786 925
577 2750 601 2783 “·’.
723 2750 759 2795 5)
797 2750 853 2792 Cf.
878 2750 922 2785 L.
949 2749 997 2786 M.
1024 2751 1248 2795 Hartmann,
1276 2751 1411 2787 ‘Gesclu
1437 2751 1585 2784 Italiens
1609 2751 1659 2784 im
1684 2750 1908 2784 Mittelalter'
1930 2757 1973 2783 40

409 2798 538 2838 (1900)
555 2797 607 2841 II,
628 2799 660 2841 1,
683 2809 720 2841 p.
739 2798 820 2833 204.
895 2798 931 2840 6)
954 2798 1237 2842 ‘Bemerlcunyen
1260 2810 1307 2832 zu
1331 2799 1399 2833 den
1422 2799 1567 2832 dltesten
1588 2797 1908 2841 lanyobaidischen

409 2845 753 2888 Ko‘niqsurkunden'
778 2845 853 2887 (‘N.
880 2845 1007 2881 Arch.’
1031 2846 1152 2889 XXV,
1175 2858 1214 2890 p.
1233 2848 1302 2883 608
1314 2848 1418 2891 sqq).
1541 2847 1576 2890 7)
1607 2845 1676 2881 Ed.
1701 2844 1906 2889 Mommsen,

409 2892 511 2927 Auct.
538 2894 647 2936 antiq.
675 2893 743 2935 IX,
774 2903 813 2936 p.
839 2894 921 2928 339.
1046 2894 1083 2937 8)
1122 2893 1217 2930 Hist.
1249 2898 1349 2938 patr.
1383 2903 1476 2929 mon.
1503 2893 1662 2927 Chartae
1687 2893 1717 2935 I,
1751 2891 1812 2928 col.
1837 2892 1910 2935 483

409 2939 656 2983 Mi’thlbacher,
682 2940 791 2983 ‘Reys
817 2951 851 2975 n.
873 2942 975 2976 1183.
