2008 3302
18 752 31 773 ἦ,

19 779 37 804 ,τ’

427 247 596 293 IONAS,
614 246 778 284 VITAE
804 245 1112 283 GOLUMBANI
1136 246 1284 283 LIBRI
1307 246 1361 284 H.
1603 251 1650 286 33

141 372 346 425 tulerunt,
398 374 446 413 ut
497 371 838 413 demonstrarent
888 369 1048 413 Scottos
1097 368 1374 413 Brettonibus
1423 383 1512 412 non
1562 384 1649 413 esse

140 430 345 484 meliores,
379 429 532 484 quippe
562 429 637 484 qui
667 428 837 484 utrique
867 428 991 472 iuxta
1030 442 1188 472 morem
1226 428 1488 473 universalis
1528 430 1648 473 eccle-

140 491 231 535 siae
261 504 348 533 non
378 490 717 544 inqrederentur.

283 561 399 605 Erat
459 565 598 604 autem
657 559 943 604 Golumbanus
1003 560 1124 602 homo
1177 560 1396 604 vehemens
1445 560 1650 615 feroxque

13 610 20 656 ἶ
99 638 118 666 s
140 625 300 666 natura
345 634 478 675 neque
523 634 651 674 quam
682 619 854 686 passim
879 619 1170 686 praedicabat
1205 620 1439 663 humilitati
1480 620 1649 687 longius

139 680 380 734 insistebat,
427 680 467 723 si
507 679 604 734 quis
643 679 780 735 ipsius
816 678 1013 733 opinioni
1051 692 1138 722 non
1177 679 1474 734 acquievisset,
1520 679 1650 723 immo

139 740 315 784 summis
336 739 618 795 potestatibus
647 739 711 782 vel
732 753 889 794 papae,
922 738 1000 781 etsi
1031 738 1124 782 eius
1152 752 1393 793 supremum
1424 739 1475 782 in
1506 739 1650 783 causis

139 799 434 845 ecclesiasticis
472 798 681 843 iudicium
720 798 811 853 ipse
850 797 1035 853 aqnovit,
1076 797 1387 852 imperterritus
1426 798 1651 842 obsistebat

139 860 358 915 verbisque
387 873 473 903 non
502 858 706 913 parcebat
733 858 924 912 iustoque
952 857 1049 901 iure
1079 857 1323 901 adversarii
1353 859 1579 912 superbam
1598 858 1649 901 in

8 934 10 936 ·
33 970 37 971 ⁷
81 937 117 964 ιο
138 919 232 975 ipso
261 918 475 963 scribendi
496 917 889 973 praesumptionem
902 918 917 943 1
948 917 1227 970 offendebant.
1282 918 1485 961 Sermone
1509 922 1650 961 autem

139 978 333 1023 Hertelio
362 982 554 1022 monente
584 979 781 1022 utebatur
810 977 984 1032 triplici,
1017 976 1177 1021 scilicet
1205 977 1348 1021 vivido
1368 977 1419 1020 in
1440 977 1645 1033 epistulis,

130 1039 210 1095 pio
239 1037 290 1082 in
311 1037 616 1094 paraeneticis,
648 1037 757 1081 sicco
787 1037 838 1080 in
862 1036 1100 1081 scribendis
1126 1036 1323 1092 *leqibus
1372 1037 1433 1080 In
1457 1037 1649 1092 epistulis
1674 1047 1688 1064 *
1711 1069 1719 1077 .
1765 1069 1772 1077 .

139 1097 393 1153 eoequisitius
423 1097 595 1142 dicendi
622 1111 757 1152 qenus
787 1097 956 1151 colebat,
989 1096 1174 1152 arqutiis
1203 1097 1498 1152 vocabulisque
1530 1111 1648 1151 pere-

137 1157 281 1214 qrinis
310 1157 528 1212 adhibitis,
560 1157 624 1200 ita
654 1161 701 1200 ut
731 1161 771 1200 et
797 1156 965 1211 qraecis
995 1156 1150 1200 litteris
1181 1160 1220 1199 et
1249 1156 1463 1200 hebraicis
1502 1157 1648 1200 doctus

8 1211 34 1275 ⁷1}
82 1235 116 1262 ιο
141 1219 392 1272 crederetur,
440 1217 649 1271 dictioque
693 1216 857 1269 florida
904 1215 1081 1270 speciem
1118 1217 1298 1270 praebet
1333 1230 1497 1270 parum
1543 1230 1648 1259 com-

139 1291 320 1332 munem,
353 1291 407 1320 ne
438 1276 578 1320 dicam
607 1276 860 1319 mirabilem.
921 1275 1198 1319 Carminibus
1223 1275 1418 1331 Verqilii‚
1451 1275 1645 1330 Horatii,

145 1337 293 1382 Ovidii
337 1336 402 1380 ita
440 1337 672 1390 studuerat,
719 1340 768 1378 ut
806 1350 858 1378 ea
897 1335 1017 1378 haud
1060 1335 1206 1378 timide
1241 1335 1412 1389 passim
1457 1335 1648 1390 expilare

132 1401 284 1452 posset.
373 1396 448 1439 Ex
498 1395 624 1439 libris
673 1399 893 1438 auctorum
944 1394 1219 1438 classicorum
1270 1394 1432 1438 latinas
1483 1395 1597 1438 litter
1598 1409 1649 1438 as

142 1457 306 1501 Scottus
351 1455 562 1500 didicerat
607 1469 653 1498 eo
703 1455 875 1509 melius,
928 1468 1009 1508 quo
1059 1454 1205 1497 minus
1246 1454 1391 1509 patrii
1439 1454 1649 1498 sermonis

31 1552 33 1554 .
81 1533 117 1560 zo
140 1515 360 1570 affinitate
391 1517 451 1559 ad
478 1514 742 1558 soloecismos
771 1514 1056 1568 induceretur
1089 1513 1323 1568 scholisque
1351 1513 1490 1568 ipsius
1516 1514 1649 1570 pueri

139 1575 444 1643 francoqallici
488 1589 576 1618 non
621 1575 755 1617 solum
801 1576 861 1618 ad
899 1573 1234 1630 paenitentiam,
1287 1574 1363 1616 sed
1411 1573 1541 1616 etiam
1591 1575 1651 1617 ad

131 1635 355 1692 puriorem
385 1634 640 1679 latinitatem
671 1633 848 1678 educari
878 1637 1092 1688 poterant.
1163 1633 1233 1676 De
1273 1633 1551 1677 emendandis
1590 1648 1647 1677 ee-

140 1695 292 1740 clesiae
319 1694 575 1739 Gallicanae
605 1693 793 1737 moribus
824 1693 1037 1748 corruptis
1067 1697 1191 1748 atque
1222 1694 1272 1736 de
1301 1693 1534 1737 Germanis
1562 1695 1649 1747 fide

141 1754 383 1799 christiana
422 1754 661 1798 imbuendis
692 1753 843 1809 optime
882 1753 1058 1796 meritus
1097 1757 1169 1796 est.
1241 1754 1309 1796 Eo
1349 1755 1463 1807 quod
1493 1753 1648 1796 Scottis

25 1807 27 1811 ⁴
81 1831 116 1858 πο
140 1815 317 1858 insitum
368 1819 430 1858 est
469 1813 785 1869 pereqrinandi
799 1815 814 1839 ²
859 1812 998 1856 studio
1049 1817 1168 1856 actus
1219 1812 1444 1856 consilium
1495 1814 1649 1868 dupleoe

141 1879 318 1929 ceperat,
350 1879 397 1917 ut
418 1874 564 1929 primo
602 1874 751 1917 Gallos
782 1873 1042 1916 christianos
1076 1877 1305 1927 temptaret,
1343 1887 1447 1916 num
1478 1872 1647 1915 humili-

140 1934 219 1978 tati
261 1934 633 1989 paenitentiaeque
675 1937 887 1988 paterent,
940 1932 981 1975 si
1025 1932 1180 1986 minus,
1230 1937 1374 1987 yentes
1424 1932 1593 1975 vicinas
1606 1934 1648 1986 3,·

140 1996 307 2038 easdem
337 1995 536 2048 expulsus
566 2008 587 2036 e
624 1993 880 2036 Theuderici
910 2006 1040 2047 reyno
1070 1992 1272 2046 visitavit,
1305 1991 1415 2035 sicut
1443 1992 1534 2047 ipse
1565 1991 1648 2034 sibi

131 2058 416 2110 proposuerat
427 2055 456 2108 4,
495 2055 662 2097 easdem
701 2057 749 2095 ut
787 2052 1013 2095 visitarent
1057 2065 1335 2105 successores,
1373 2056 1648 2106 praeceptum

82 2130 118 2156 so
141 2113 315 2168 reliquit
342 2113 538 2156 ultimum
551 2113 578 2155 ⁵.
633 2113 787 2167 Itaque
818 2113 1126 2156 concedendum
1157 2116 1228 2165 est,
1251 2125 1345 2154 eum
1367 2113 1427 2154 ad
1446 2125 1648 2166 paqanos

141 2174 439 2217 convertendos
469 2188 498 2215 a
530 2172 685 2227 patria
714 2171 891 2214 minime
930 2171 1078 2224 exisse,
1119 2172 1195 2214 sed
1224 2175 1375 2225 postea
1412 2171 1463 2214 in
1494 2185 1647 2225 propo-

141 2233 270 2276 situm
300 2233 410 2276 illud
437 2232 683 2286 declinasse,
705 2245 838 2286 neque
858 2245 956 2274 vero
978 2235 1207 2286 propterea
1227 2231 1361 2274 locum
1383 2230 1649 2285 primarium

141 2292 256 2336 inter
277 2292 600 2347 praedicatores
627 2291 817 2346 qentium
849 2292 1030 2345 perdere
1059 2290 1170 2333 mihi
1209 2289 1387 2333 videtur.
1461 2290 1649 2333 Iustiore

143 2354 194 2395 de
224 2366 357 2396 causa
394 2351 444 2395 id
482 2351 584 2394 vitio
624 2351 712 2406 ipsi
750 2351 942 2405 vertitur,
984 2350 1097 2405 quod
1134 2350 1303 2404 incepta
1342 2364 1422 2393 sua
1454 2363 1648 2405 persecu-

83 2428 118 2456 ³5
143 2417 264 2456 turus
296 2425 460 2467 parum
491 2409 761 2466 praestiterit
799 2410 1063 2454 constantiae
1078 2411 1107 2451 ⁶.
1179 2409 1456 2453 Monasteria
1495 2414 1647 2463 autem,
1692 2440 1695 2442 v

142 2486 322 2527 quorum
365 2471 456 2526 ipse
496 2471 560 2515 vel
599 2470 800 2525 discipuli
839 2471 931 2514 eius
969 2470 1255 2523 fundamenta
1293 2469 1493 2524 iecerant,
1536 2469 1649 2512 hunc

143 2546 264 2587 quem
314 2531 515 2575 habemus
565 2531 800 2574 humanum
851 2530 1008 2574 cultum
1059 2529 1303 2584 civilemque
1344 2543 1428 2584 per
1478 2530 1649 2584 lonqum

143 2597 303 2646 tempus
332 2592 424 2645 fere
463 2591 556 2635 sola
595 2604 865 2634 conservasse
894 2589 1162 2645 posterisque
1202 2589 1433 2632 tradidisse
1473 2593 1647 2642 constat,

146 2735 181 2779 1)
211 2734 302 2771 ΜΘ
326 2733 397 2779 ΕΡ,
422 2733 500 2777 III,
519 2734 599 2770 162.
727 2733 764 2777 2)
794 2731 851 2774 Cf
875 2731 916 2767 V.
943 2731 981 2767 S.
1008 2731 1113 2764 Galli
1134 2733 1228 2766 auct.
1253 2730 1484 2784 Walahfrido
1509 2734 1562 2776 II,
1580 2734 1647 2769 46:

9 2796 13 2811 t
84 2791 121 2818 ιο
144 2782 192 2818 de
214 2781 365 2817 natione
361 2746 615 2825 pSoot‘o'ornm,
648 2778 781 2825 quibus
815 2777 1042 2814 consuetudo
1075 2777 1336 2824 peregrinandi
1370 2777 1443 2815 iam
1468 2791 1586 2827 paene
1610 2781 1650 2815 in

143 2831 316 2866 naturam
348 2839 525 2865 conversa
555 2806 621 2864 est’.
743 2828 780 2872 3)
815 2827 855 2863 V.
882 2826 1036 2862 Columb.
1062 2826 1097 2870 I,
1122 2827 1157 2862 4
1286 2827 1325 2869 4)
1362 2825 1647 2875 MG,1‹2p,III,

139 2890 179 2924 p.
199 2879 286 2920 167,·
311 2878 358 2920 cf.
379 2877 421 2914 V.
449 2876 602 2912 Columb.
625 2875 658 2919 I,
674 2877 732 2911 27.
815 2874 853 2921 5)
875 2875 911 2909 V
946 2874 1102 2910 Columb.
1125 2873 1181 2917 II,
1197 2875 1231 2910 8.
1314 2872 1351 2918 6)
1377 2877 1600 2922 Malnoryl.
1625 2876 1647 2912 l.

140 2938 181 2971 p.
197 2928 256 2963 45.

218 2999 315 3024 Iona.
1363 2988 1386 3022 8
