2008 3302
431 277 600 325 IONAS,
618 278 781 315 VITAE
807 278 1115 316 COLUMBANI
1140 280 1286 319 LIBRI
1309 280 1360 319 ΙΙ.
1603 285 1649 321 87

275 399 318 442 A
330 400 432 443 2a**·
446 401 481 456 1)
505 399 644 444 Codex
655 401 1020 446 Bruxellensis
1033 418 1076 446 n.
1093 407 1250 446 11987.
1266 404 1524 458 chartaceus,
1539 419 1647 449 saec.

147 459 284 503 XVI.
306 459 368 502 in.
396 461 448 503 ab
474 461 666 504 Antonio
697 461 852 505 Gentio
880 459 920 518 (†
941 460 1069 518 1543)
1101 468 1315 518 exaratus,
1348 464 1423 517 fol.
1447 468 1528 507 183
1545 479 1647 520 sqq.,

143 518 242 562 item
282 519 330 562 V.
370 519 624 564 Columbani
654 521 792 564 tribus
823 521 948 565 libris
979 522 1229 576 dispositam
1260 524 1446 567 continet
1458 525 1485 566 1.

286 578 485 634 Inspexit
514 580 555 623 I.
582 595 669 624 van
699 581 782 624 den
810 581 961 637 Gheyn
987 582 1033 625 S.
1057 582 1092 624 I
1090 617 1113 636 .,
1145 583 1215 626 vir
1246 583 1523 638 doctissimus,
1557 599 1648 629 con-

32 664 34 666 v
101 654 119 682 ι
142 642 334 682 servator
365 639 633 683 bibliothecae
662 640 975 684 Bruxellensis.

284 698 329 741 A
347 698 499 755 2a**·2)
546 700 685 743 Codex
725 700 996 744 bibliothecae
1036 701 1222 745 civitatis
1263 703 1308 746 S.
1342 703 1649 747 Audomari

142 771 185 801 n.
211 762 308 812 715,
342 758 436 801 III
462 763 501 802 et
531 760 618 813 IV,
657 774 765 803 saec.
795 760 916 803 XII.
949 775 1026 815 ex„
1071 761 1171 804 olim
1202 762 1400 805 ecclesiae
1433 764 1478 806 S.
1505 764 1648 806 Audo-

140 817 267 872 mari,
300 818 348 861 V.
390 818 642 863 Columbani
670 834 762 863 una
793 834 887 863 cum
917 820 1110 875 epistula,
1155 822 1231 864 sed
1260 823 1416 876 absque
1447 823 1647 866 laterculo

141 876 326 931 capitum
359 877 565 933 (praescr.
579 894 593 922 .·
624 880 799 936 Incipit
831 881 1050 936 prologus
1084 884 1130 924 et
1162 883 1258 924 vita
1290 884 1439 925 sancti
1467 883 1647 926 Colum-

19 936 34 999 i
82 953 116 980 ιο
143 937 251 980 bani
291 938 487 982 abbatis.
528 962 587 968 -—
629 962 684 968 —
726 940 901 996 Incipit
941 942 1038 983 vita.
1079 942 1298 993 eiusdem,
1339 943 1418 998 qui
1450 943 1648 986 decessit

19 995 40 1007 ζ
143 997 306 1039 VIIII.
340 998 418 1041 Kl.
452 999 685 1051 Decemb.‚
728 999 811 1043 inc.
845 1001 1138 1044 Rutilantem
1171 1004 1310 1057 atque
1352 1003 1518 1045 eximio
1559 1003 1647 1045 ful-

140 1071 250 1113 gore
274 1057 401 1101 Deus
433 1059 680 1102 micantem
714 1062 982 1103 sanctorum
1007 1061 1235 1104 nobilium
1262 1062 1470 1105 condidit
1502 1063 1645 1105 vitam

140 1114 398 1174 doctorum)
444 1118 609 1162 exhibet
653 1119 841 1173 alterque
884 1119 990 1163 liber
1029 1120 1078 1163 in
1117 1120 1257 1164 verbis
1297 1136 1330 1164 c.
1364 1125 1434 1163 22.
1478 1123 1646 1166 debere

21 1226 30 1239 Ἰ,
140 1179 399 1220 creaturam
421 1179 608 1222 obedire
626 1178 784 1222 desinit
795 1180 822 1234 ²,
844 1179 909 1222 ita
929 1184 975 1223 ut
994 1180 1100 1233 finis
1121 1180 1275 1234 capitis
1294 1180 1357 1224 ibi
1372 1180 1644 1236 desideretur,

79 1251 114 1278 ιι
138 1235 248 1279 sicut
275 1236 326 1280 in
356 1237 486 1280 A2a.
520 1237 579 1281 α’.
611 1237 687 1281 αἶ’.

20 1304 34 1347 ‚⁴²
283 1297 482 1352 Inspexit
518 1297 563 1341 C.
596 1298 778 1341 Bureau
809 1299 1078 1343 bibliothecae
1100 1300 1347 1354 praefectus
1376 1315 1415 1342 v.
1449 1315 1482 1344 c.

27 1366 29 1368 ’
282 1357 326 1399 Α
345 1355 497 1411 2a**·3)
545 1357 685 1401 Codex
725 1358 995 1402 bibliothecae
1034 1359 1221 1403 civitatis
1262 1360 1307 1403 S.
1340 1360 1646 1403 Audomari

138 1430 182 1459 n.
207 1420 292 1459 716
325 1413 381 1472 (4.
419 1416 500 1472 10),
541 1431 650 1461 saec.
685 1417 834 1473 XIII,
877 1418 978 1461 olim
1018 1420 1162 1462 beatae
1192 1419 1375 1462 Mariae
1415 1421 1465 1463 de
1502 1420 1646 1464 Claro-

138 1475 321 1520 marisco
366 1477 660 1532 legendarium
705 1491 929 1533 magnum,
983 1493 1076 1522 cum
1118 1480 1358 1533 permultas
1402 1484 1646 1523 sanctorum

19 1545 26 1571 ῖ
78 1550 115 1577 ιο
137 1535 250 1579 vitas
280 1540 367 1579 tum
404 1536 658 1581 Columbani
688 1537 736 1580 in
778 1542 863 1581 tres
902 1538 1034 1582 libros
1076 1538 1261 1581 divisam
1301 1539 1494 1593 continet,
1538 1553 1646 1593 quae

137 1599 246 1639 tomo
277 1596 417 1640 VIII.
442 1596 555 1640 inest
566 1597 593 1652 3,
626 1601 751 1652 atque
775 1612 863 1641 non
887 1599 1021 1641 solum
1051 1598 1234 1653 epistula
1264 1600 1384 1642 adest
1415 1597 1622 1653 (praescr.
1631 1614 1645 1642 .-

139 1656 314 1713 Incipit
368 1658 569 1714 prefatio
624 1658 719 1700 vite
774 1660 925 1702 sancti
972 1659 1250 1702 Columbani
1307 1660 1504 1711 abbatis,
1557 1659 1642 1703 inc.

137 1716 351 1759 Dominis
381 1741 441 1746 —
472 1718 710 1760 Boboleno
743 1721 790 1762 et
813 1719 1116 1762 Waldeberto
1149 1723 1188 1761 et
1216 1732 1255 1773 q.
1286 1733 1333 1771 s.,
1367 1720 1526 1763 subscr.
1561 1721 1644 1762 Ex-

138 1776 272 1832 plicit
317 1775 565 1833 prologus),
612 1778 688 1820 sed
731 1777 859 1821 etiam
906 1779 1134 1822 laterculus
1180 1778 1364 1833 capitum
1413 1781 1620 1834 (praescr.
1631 1793 1646 1822 .·

77 1849 112 1877 86
139 1836 379 1892 Incipiunt
420 1838 626 1894 capitula
667 1838 775 1880 libri
806 1835 958 1895 primi)
998 1839 1059 1881 ad
1097 1853 1130 1882 c.
1163 1843 1235 1880 29.
1268 1839 1525 1892 perveniens
1556 1837 1643 1893 (De

136 1896 347 1951 ingressu
388 1899 435 1940 et
475 1898 525 1939 in
565 1898 755 1941 Italiam
797 1899 1089 1955 susceptione
1134 1899 1191 1941 ab
1225 1899 1437 1954 Agilulfo
1469 1923 1528 1928 —
1560 1900 1643 1941 Ex-

136 1956 336 2012 pliciunt
361 1956 594 2014 capitula),
618 1962 719 2011 post
740 1971 861 2012 quem
893 1973 927 2002 c.
954 1962 993 2001 1.
1024 1958 1178 2012 incipit
1207 1958 1294 2001 ita:
1324 1959 1500 2014 Incipit
1526 1959 1645 2002 liber

136 2016 311 2072 primus
341 2017 466 2060 vitae
498 2018 648 2060 sancti
682 2017 959 2061 Columbani
991 2019 1187 2070 abbatis,
1235 2020 1364 2061 ouius
1397 2019 1643 2061 celebritas

137 2078 207 2118 est
232 2076 396 2118 VIIII.
432 2078 668 2120 Kalendas
701 2078 984 2121 Decembris.
1038 2079 1329 2121 Rutilantem
1361 2082 1401 2120 et
1430 2092 1468 2132 q.
1502 2092 1536 2121 s.

77 2149 112 2176 so
281 2136 478 2190 Inspexit
514 2136 559 2180 C.
586 2136 768 2179 Bureau
799 2137 1070 2180 bibliothecae
1093 2138 1340 2191 praefectus
1370 2152 1408 2180 v.
1442 2152 1476 2180 c.

279 2192 469 2250 A2a***)
511 2196 651 2239 Codex
676 2196 1036 2240 Parisiensis
1067 2211 1109 2240 n.
1136 2201 1251 2240 5308
1286 2195 1436 2248 (antea
1465 2196 1576 2241 Colb.
1606 2202 1646 2241 et

136 2254 299 2310 Reyius
321 2242 474 2309 3595),
507 2270 615 2299 saec.
652 2255 772 2310 XII,
805 2256 905 2299 olim
944 2255 1228 2310 Chesnianus,
1270 2257 1345 2309 fol.
1370 2257 1641 2311 281—287‘,

147 2314 195 2356 V.
235 2314 488 2358 Columbani
529 2315 714 2367 continet
751 2316 947 2360 mutilam
987 2331 1015 2359 a
1054 2316 1193 2359 verbis
1230 2331 1264 2360 c.
1300 2321 1367 2359 11.
1399 2320 1586 2360 tantum
1618 2332 1643 2361 e

135 2374 374 2426 fratribus,
403 2375 537 2418 locum
562 2390 595 2419 c.
615 2379 685 2417 20.
709 2377 768 2419 ad
787 2376 1123 2431 Rayumundum
1148 2380 1400 2431 spectantem
1420 2376 1484 2420 ita
1505 2381 1644 2420 trans-

76 2447 111 2474 ³5
126 2447 309 2490 ponens,
332 2434 442 2478 sicut
459 2434 509 2478 in
524 2435 567 2477 A
589 2435 754 2490 leyitur,
776 2435 1088 2490 immutansque
1113 2437 1330 2493 perduxit
1357 2435 1458 2492 (ib.)
1476 2436 1525 2479 in
1547 2451 1643 2493 per-

137 2494 315 2537 ducunt
341 2508 434 2537 cum
458 2495 502 2538 A
520 2499 588 2538 2a.
640 2496 885 2549 Sequuntur
908 2496 984 2549 fol.
1008 2495 1168 2538 287‘—
1182 2500 1282 2539 292.
1310 2497 1360 2539 V.
1391 2495 1644 2540 Columbani

135 2553 340 2608 Hyensis,
377 2554 453 2607 fol.
477 2558 746 2598 292—297.
779 2556 935 2599 Passio
973 2555 1197 2610 Caeciliae,
1233 2555 1343 2599 sicut
1371 2556 1422 2598 in
1452 2553 1642 2599 A2a†††.

277 2612 439 2668 Affl.)
487 2614 627 2658 Codex
656 2615 970 2659 Duacensis
1005 2630 1049 2658 n.
1074 2620 1173 2670 838,
1211 2630 1319 2659 saec.
1355 2613 1641 2669 XIIlXIII,

136 2672 236 2715 olim
265 2674 518 2717 monasterii
550 2675 595 2718 S.
629 2674 855 2718 Rictrudis
886 2675 1245 2719 Marchianensis
1275 2675 1416 2729 ibique
1447 2675 1643 2729 siynatus

74 2745 112 2772 ιο
135 2732 182 2775 D
205 2737 303 2787 792,
337 2733 411 2786 fol.
436 2737 490 2776 92
503 2739 664 2788 -105,
698 2735 746 2778 V.
778 2735 1028 2778 Columbani
1058 2750 1149 2778 una
1180 2748 1272 2778 cum
1304 2735 1488 2790 epistula
1519 2735 1642 2777 later-

136 2792 307 2847 culoque
358 2793 543 2847 capitum
593 2794 768 2838 exhibet.
852 2795 1037 2838 Sanctus
1094 2795 1188 2850 ipse
1246 2796 1397 2837 dextra
1448 2794 1642 2837 baculum

138 2909 174 2954 1)
207 2909 263 2952 Cf.
290 2909 449 2945 ‘Archiv’
472 2911 578 2954 VIII,
609 2923 647 2956 p.
666 2912 758 2951 538,·
797 2911 856 2947 ‘N.
882 2912 1010 2948 Arch.’
1035 2912 1089 2955 II,
1118 2922 1157 2955 p.
1175 2913 1267 2951 259:
1304 2911 1414 2947 Anal.
1451 2912 1543 2947 Boll.
1577 2911 1639 2955 VI,

134 2968 171 3002 p.
189 2958 234 2993 31
248 2968 321 3002 sqq.
419 2959 456 3003 2)
480 2959 639 2993 ‘Archiv'
662 2959 769 3002 VIII,
789 2971 828 3003 p.
846 2961 928 2996 415.
1019 2960 1057 3003 3)
1082 2958 1239 2993 ‘Archiv'
1265 2959 1289 2995 l.
1314 2960 1334 2995 l.
1359 2971 1396 3004 p.
1414 2961 1495 2996 416.
