2008 3302
395 305 441 341 56
680 302 847 348 IONAS,
864 301 1028 338 VITAE
1053 300 1360 337 OOLUMBANI
1384 299 1531 336 LIBRI
1554 299 1607 337 II.

396 425 598 479 scriptore
629 423 966 477 deprehenderis.
1029 422 1152 465 Livii
1182 421 1434 464 sententiam
1473 436 1494 465 e
1533 422 1642 465 libro
1681 422 1895 477 deperdito

396 485 681 537 depromptam
711 482 759 525 in
790 483 838 525 V.
873 481 1058 525 Columb.
1086 482 1125 535 I,
1150 486 1175 523 3
1208 480 1366 534 citavit,
1401 481 1575 535 bellique
1605 481 1767 526 Punici
1796 482 1894 526 alte·

394 543 488 585 rius
519 541 840 595 descriptionem
871 542 924 584 ab
949 541 1042 595 ipso
1067 542 1213 584 lectam
1238 555 1326 583 esse
1349 540 1546 584 vidimus.
1599 541 1725 584 Inter
1745 546 1895 596 poetas

394 601 597 655 inprimis
628 600 863 655 Veryilium
895 600 1071 643 coluisse
1101 600 1280 654 videtur,
1323 599 1444 642 cuius
1483 604 1524 651 et·
1556 600 1690 644 locum
1720 600 1895 645 citavit1

394 665 433 704 et
456 661 582 704 dictis
613 660 833 703 nonnullis
863 674 966 702 usus
990 664 1051 703 est
1074 661 1134 703 ad
1155 673 1388 702 sermonem
1411 673 1535 702 suum
1556 661 1851 703 exornandum
1863 661 1892 702 ².
1918 674 1936 701 5

394 720 466 762 Eae
479 719 658 763 Iuvenci
678 719 909 774 evanyeliis
928 733 1096 762 versum
1116 733 1249 761 unum
1269 718 1319 762 in
1339 719 1388 762 V.
1408 718 1591 762 Oolumb-
1607 719 1647 773 I,
1665 723 1716 762 14
1737 719 1894 767 attulit.

537 791 637 845 Ipse
661 804 821 844 quoque
843 790 982 844 poetis
1006 791 1356 834 adnumerandus
1380 794 1451 833 est.
1506 791 1624 833 Nam
1649 805 1738 834 non
1760 791 1895 834 solum

391 850 522 893 vitam
556 850 734 904 patroni
773 866 800 892 a
840 850 1030 892 versibus
1065 863 1240 892 exorsus
1270 854 1341 903 est,
1382 851 1457 892 sed
1485 849 1612 893 etiam
1650 864 1798 893 versus
1826 850 1895 894 die

392 910 482 952 eius
512 911 619 962 festo
651 911 710 952 ad
738 924 927 952 mensam
953 910 1164 952 canendos
1177 909 1193 935 ³
1218 909 1326 952 libro
1348 909 1494 963 priori
1524 909 1711 963 subiecit,
1742 909 1895 964 quibus

392 970 624 1024 hymnum4
654 969 702 1011 in
728 969 820 1012 eius
845 969 1032 1011 transitu
1057 970 1294 1011 canendum
1318 968 1517 1023 subdidit,
1549 968 1726 1012 virtutes
1754 969 1895 1013 sancti
1919 984 1955 1010 ιο

392 1029 618 1072 celebrans.
678 1028 784 1071 Tria
817 1028 1013 1071 carmina
1043 1042 1129 1082 qua
1160 1032 1252 1071 arte
1282 1028 1481 1082 quibusve
1511 1027 1753 1083 praeceptis
1782 1028 1894 1072 ordi-

391 1092 495 1131 nata
542 1088 641 1142 sint,
689 1102 753 1130 me
791 1092 956 1142 petente
996 1087 1270 1141 examinavit,
1317 1087 1391 1142 qui
1430 1102 1509 1131 sua
1549 1087 1659 1131 artis
1696 1088 1894 1132 metricae

381 1147 547 1202 peritia
568 1162 693 1203 saepe
713 1147 821 1190 mihi
842 1147 1099 1190 amicissime
1120 1151 1400 1201 succurrerat,
1429 1146 1686 1191 Dudowicus
1711 1148 1892 1191 Traube.

391 1207 589 1249 Primum
633 1206 824 1250 versibus
864 1206 1133 1260 compositum
1174 1211 1244 1261 est,
1286 1206 1361 1261 qui
1401 1206 1498 1250 licet
1535 1207 1768 1251 beoeametri
1806 1222 1894 1251 esse

390 1266 627 1320 videantur,
671 1270 811 1309 tamen
849 1266 975 1309 metri
1014 1266 1174 1321 leyibus
1203 1266 1379 1309 minime
1409 1271 1650 1310 coercentur
1657 1281 1675 1322 ,·
1713 1267 1894 1311 alterum
1918 1280 1953 1308 ιι

390 1340 441 1368 ex
472 1326 774 1381 heptasyllabis
803 1325 1012 1369 trochaice
1043 1325 1343 1378 desinentibus,
1385 1340 1564 1380 quorum
1600 1326 1736 1369 locum
1765 1326 1893 1370 etiam

260 1400 307 1433 ⁸9.
319 1400 366 1429 ⁸⁵.
389 1385 655 1440 heoeasyllabi
676 1385 912 1439 *occupant,
937 1385 1105 1428 tertium
1121 1399 1173 1428 ex
1188 1385 1452 1439 octosyllabis
1471 1385 1668 1429 iambicis
1688 1390 1852 1429 constat
1863 1387 1891 1441 ⁵,

389 1458 497 1498 quae
535 1444 689 1487 metra
709 1444 913 1498 inprimis
953 1460 981 1487 a
1023 1444 1176 1488 Scottis
1216 1445 1469 1487 colebantur.
1542 1445 1663 1489 Unde
1702 1445 1894 1489 dubitari

390 1504 495 1558 licet,
528 1503 634 1558 quin
664 1505 724 1546 ad
753 1504 910 1546 Ionam
942 1508 1133 1547 nostrum
1165 1506 1362 1547 carmina
1391 1504 1487 1548 iure
1517 1505 1780 1558 referantur.
1832 1506 1894 1548 Et

380 1563 574 1617 primum
605 1565 655 1606 de
685 1563 832 1606 insula
861 1563 1081 1606 Hibernia
1119 1578 1166 1606 re
1201 1578 1303 1607 vera
1334 1564 1449 1607 alius
1479 1564 1667 1608 auctoris
1697 1578 1785 1608 esse
1815 1565 1892 1608 elo-
1916 1582 1953 1610 so

389 1622 676 1677 cutionemque
715 1624 935 1666 obscuram
974 1623 1236 1677 nimiumque
1272 1628 1503 1667 contortam
1535 1623 1716 1667 Scottico
1744 1624 1893 1679 potius

385 1686 531 1735 poetae
562 1682 732 1725 cuidam
764 1682 1029 1725 tribuendam
1062 1697 1149 1726 esse
1190 1687 1229 1726 et
1270 1683 1379 1725 mihi
1409 1697 1666 1738 persuasum
1705 1688 1778 1739 est,
1818 1685 1894 1728 sed

389 1741 437 1784 in
469 1741 604 1795 capite
635 1742 684 1784 V.
718 1741 968 1785 Columbani
999 1757 1027 1785 a
1059 1742 1288 1797 bioyrapho
1317 1742 1411 1797 ipso
1445 1742 1557 1786 illud
1585 1742 1774 1798 positum
1802 1757 1892 1788 esse

388 1801 633 1855 existimem,
675 1801 748 1855 qui
787 1802 891 1844 duos
932 1815 1080 1845 versus
1110 1806 1315 1845 eoetremos
1344 1803 1507 1845 addens
1537 1804 1597 1846 ad
1625 1803 1891 1858 prwositum

387 1874 510 1902 suum
541 1860 730 1903 transiit.
784 1861 878 1903 Hos
909 1861 1022 1903 enim
1053 1876 1081 1903 a
1111 1861 1289 1916 reliquis
1313 1862 1434 1916 lonye
1458 1862 1619 1906 distare
1642 1863 1696 1905 L.
1725 1863 1892 1906 Traube
1915 1880 1952 1908 η

387 1924 495 1962 recte
524 1919 736 1963 monuisse
766 1920 874 1963 mihi
904 1920 1083 1963 videtur.
1146 1921 1343 1964 Alterum
1380 1926 1519 1964 autem
1556 1935 1730 1966 carmen
1768 1926 1891 1966 tanta

387 1979 594 2022 sermonis
633 1980 853 2033 affinitate
893 1994 986 2023 cum
1028 1980 1128 2024 Vita
1166 1980 1419 2024 Columbani
1465 1986 1504 2024 et
1548 1981 1752 2037 inprimis
1797 1996 1891 2026 cum

387 2038 566 2092 epistula
589 2039 761 2094 proloyi
792 2040 878 2082 loco
902 2039 1146 2094 praemissa
1178 2041 1392 2084 cohaeret:

608 2109 792 2154 Carmen
813 2111 885 2153 II.
1234 2112 1371 2155 Ionae
1397 2113 1444 2155 V.
1476 2112 1727 2158 Columbani
1750 2113 1835 2169 Ep.

385 2184 422 2211 v.
449 2174 486 2211 1.
536 2170 662 2213 clues
1176 2172 1338 2214 cluant
1915 2191 1951 2218 so

385 2243 423 2271 v.
449 2233 519 2271 21.
569 2230 813 2286 palmaque
846 2245 982 2286 poma
1175 2246 1313 2287 poma
1344 2232 1604 2289 palmarum

385 2303 422 2331 v.
447 2292 517 2330 24.
566 2289 771 2332 balsama
804 2291 943 2333 sudas
970 2291 1101 2346 virga
1177 2292 1297 2334 dites
1330 2292 1525 2335 balsami
1563 2293 1802 2336 lacrimam
1834 2307 1889 2338 ex

445 2348 672 2403 Engaddi,
1235 2351 1463 2407 Engaddi‚

388 2475 424 2519 1)
462 2475 564 2519 Ver-9.
591 2476 713 2519 Ecloy.
741 2477 773 2519 I,
799 2477 857 2512 80.
892 2478 933 2510 in
963 2477 1005 2513 V.
1032 2478 1186 2514 Columb.
1222 2479 1373 2522 epistula
1402 2481 1568 2522 praevia.
1713 2482 1751 2526 2)
1783 2482 1887 2526 Vera.

390 2523 518 2566 Geory.
543 2523 597 2566 II,
618 2525 686 2559 117
722 2524 848 2566 (Ionae
883 2534 1026 2559 carmen
1057 2525 1087 2560 I.
1117 2530 1199 2569 post
1221 2526 1262 2562 V.
1290 2526 1485 2570 Columb.),·
1516 2528 1605 2564 Aen.
1630 2528 1703 2571 IV,
1723 2530 1795 2566 584
1819 2529 1886 2573 (V.
1914 2537 1949 2565 ³⁶

389 2570 544 2605 columb.
569 2570 625 2614 II,
643 2572 695 2613 2),
720 2571 812 2615 XII,
829 2573 900 2608 829
925 2572 985 2616 (ib.
1012 2572 1065 2616 II,
1083 2573 1132 2617 5).
1205 2574 1243 2617 3)
1265 2574 1311 2607 In
1336 2575 1450 2609 codice
1470 2574 1704 2611 Bruoecllensi
1726 2587 1764 2611 n.
1782 2578 1888 2620 7460,

385 2628 474 2653 saec.
499 2617 613 2662 XIII,
650 2619 700 2652 ad
732 2630 833 2663 quem
858 2619 1108 2663 Bollandiani,
1143 2621 1336 2664 Gataloqus
1359 2622 1525 2659 Bruaeell.
1550 2623 1582 2667 I,
1611 2625 1645 2667 2,
1672 2635 1714 2668 p.
1741 2626 1799 2669 12,
1832 2635 1889 2660 008

386 2665 585 2709 ediderunt,
612 2666 739 2700 lemma
760 2667 885 2708 ferunt
902 2678 1042 2711 parum
1063 2672 1355 2703 consentancum:
1380 2668 1478 2703 Laus
1494 2669 1611 2705 sancti
1627 2669 1728 2706 Galli
1744 2671 1888 2707 abbatis

386 2712 425 2747 in
448 2712 599 2748 beatum
621 2712 891 2748 Columbanum
916 2714 1096 2751 rithmice.
1139 2716 1193 2758 Cf.
1219 2716 1412 2759 Chcvalier,
1437 2717 1524 2762 ch.
1546 2718 1701 2762 hymnol.
1726 2731 1762 2756 n.
1779 2721 1885 2762 3335,

385 2761 424 2804 4)
454 2759 640 2804 Hymnum
665 2772 682 2795 e
704 2762 817 2797 codice
838 2762 1064 2797 Einsidlensi
1085 2774 1120 2799 n.
1138 2765 1208 2800 257
1234 2764 1351 2807 (nobis
1366 2765 1400 2798 A
1416 2765 1500 2810 la⁴)
1524 2765 1635 2800 edidit
1651 2767 1695 2803 F.
1712 2767 1751 2804 J.
1771 2767 1886 2812 Mons,
1910 2777 1948 2809 ιο

388 2808 626 2866 ‘Latciniscbe
649 2808 817 2866 ’Humum
840 2810 900 2844 des
924 2810 1162 2866 ῌίίιεῑαῖιενε)
1179 2811 1253 2855 III,
1274 2823 1314 2856 p.
1331 2813 1414 2856 255,
1439 2814 1504 2857 qui
1518 2818 1661 2858 poetam
1687 2814 1887 2855 Scottorum

385 2856 702 2939 acicam
717 2857 1090 2948 ..mm
1107 2861 1427 2950 isses...
1445 2860 1650 2945 >sc
1663 2862 1887 2946 ew

381 2951 792 2996 philos.-philol09ischc
819 2952 950 2987 Classe’
974 2954 1079 2995 1882,
1102 2965 1142 2998 p.
1161 2955 1216 2990 95.
1246 2956 1319 2995 97).
1862 2937 1884 2956 ψ

1987 2919 2008 3302 ἔ
