2008 3302
406 287 451 323 38
691 282 859 328 IONAS,
878 281 1039 318 VITAE
1065 279 1372 316 COLUMBANI
1395 277 1541 314 LIBRI
1565 277 1618 316 11.

407 405 606 449 suburbio
648 402 985 447 Matisconensis
1023 401 1144 445 urbis
1184 402 1463 444 consederant
1500 399 1569 443 die
1608 403 1773 451 statuto,
1814 413 1908 443 cum

407 465 541 509 subito
571 466 711 507 maior
741 464 888 505 domus
917 466 1048 504 morte
1075 464 1339 527 praeventus
1374 459 1581 502 interiitl.
1650 459 1740 514 Quo
1770 458 1909 503 omine

407 524 611 578 fiduciam
663 521 1011 565 adversariorum
1057 524 1096 563 et
1145 519 1352 575 inprimis
1396 518 1588 574 Ayrestii
1637 518 1909 562 inminutam

375 598 495 627 ,6336
542 581 740 625 credibile
785 585 856 624 est.
925 580 1162 623 Accusator
1205 578 1318 622 enim
1365 593 1540 633 suryens
1584 593 1635 622 ea
1679 591 1788 632 quae
1834 577 1908 621 in

416 640 666 686 Columbani
705 641 895 695 requlam
936 639 1019 682 sibi
1058 638 1279 682 obicienda
1317 642 1443 681 erant
1482 637 1752 682 trementibus
1781 637 1910 681 labiis
1933 652 1979 681 ιΥ

408 700 642 754 edisseruit,
684 700 842 743 scilicet
879 700 1101 753 superflua-
1140 702 1179 741 et
1210 697 1442 742 canonicae
1470 696 1734 741 institutioni
1763 695 1911 742 aliena

408 761 487 804 illa
534 759 753 813 contineri,
801 758 928 802 veluti
972 758 1233 812 frequentem
1278 762 1319 800 et
1361 756 1567 811 siquandi
1606 755 1837 802 cochlearis
1873 759 1912 800 et

410 819 710 863 benedictionis
741 818 1008 873 quaerendae
1039 817 1380 860 consuetudinem
1393 818 1420 871 ²,
1453 820 1726 871 sanctumque
1750 830 1785 860 a
1815 819 1912 860 cete-

409 894 555 922 rorum
585 878 773 922 moribus
813 877 1040 920 desciscere
1080 877 1251 920 diversa
1291 881 1331 919 et
1368 876 1598 919 missarum
1635 874 1911 920 celebratione

409 943 448 982 et
486 943 676 982 tonsura.
745 937 943 992 Quaestio
983 936 1117 991 iyitur
1155 935 1360 990 maxima,
1408 950 1492 990 qua
1529 935 1729 990 publicus
1767 946 1912 978 rerum
1936 950 1984 979 101

410 999 512 1041 ordo
543 999 799 1050 turbaretur
833 996 1057 1051 paschalis
1087 995 1257 1050 scilicet,
1301 1011 1329 1039 a
1360 996 1476 1038 Iona
1515 995 1702 1047 consulto
1742 993 1912 1038 silentio

401 1057 713 1123 praetermissa
743 1061 814 1110 est,
857 1057 957 1099 dum
995 1059 1081 1098 tota
1117 1070 1225 1110 quae
1255 1054 1324 1098 hic
1354 1054 1591 1121 castigatur
1620 1053 1912 1120 discrepantia
1984 1080 1997 1114 ³2:

408 1116 521 1159 inter
562 1121 783 1170 utrumque
828 1116 960 1158 ritum
1006 1114 1179 1158 levioris
1222 1114 1421 1158 momenti
1466 1118 1538 1168 est,
1585 1115 1644 1158 ad
1687 1112 1913 1165 intestinas
1987 1150 1990 1155 .

409 1180 574 1219 tantum
597 1175 821 1230 pertinens
851 1189 932 1218 res.
985 1175 1107 1218 Idem
1139 1176 1189 1218 de
1219 1173 1564 1218 reconciliatione
1592 1173 1816 1217 dicendum
1839 1176 1910 1226 est,

408 1249 537 1301 quam
558 1235 695 1278 Ionas
719 1234 783 1277 ita
803 1235 965 1287 factam
991 1249 1077 1277 esse
1102 1234 1262 1286 statuit,
1294 1238 1342 1276 ut
1362 1233 1606 1288 Ayrestium
1638 1231 1913 1287 disciplinam
1937 1244 1987 1275 ιε’

408 1294 684 1349 1113111111α9116
729 1294 928 1360 niayistri
973 1295 1266 1337 detrectantem
1307 1293 1538 1336 Eustasius
1582 1293 1914 1347 haudquaquam

404 1354 619 1420 patienter
657 1354 802 1406 ferens
841 1353 961 1396 intra
992 1357 1260 1419 praesentem
1292 1367 1456 1396 annum
1487 1352 1536 1395 in
1573 1352 1765 1396 divinum
1804 1350 1913 1395 iudi·

411 1413 522 1457 cium
563 1413 802 1466 vocavisset,
844 1427 924 1466 quo
956 1412 1190 1467 praesaqio
1230 1412 1416 1455 terribili
1447 1411 1595 1466 partis
1625 1410 1914 1478 Aqrestianae

409 1473 601 1525 fautores
623 1472 814 1526 perculsi
845 1471 1114 1515 concordiam
1138 1471 1431 1515 restituissent.
1484 1471 1774 1524 Manifestum
1799 1470 1914 1514 enim

411 1536 482 1585 est,
529 1531 770 1586 quaestione
808 1531 1009 1586 paschali
1054 1532 1252 1586 neylecta,
1300 1531 1514 1587 episcopos
1555 1545 1649 1574 cum
1693 1529 1915 1574 monachis
1937 1545 1974 1573 so

410 1588 750 1634 Luxoviensibus
774 1605 1004 1645 numquam
1026 1592 1282 1634 concordare
1305 1590 1506 1645 potuisse,
1538 1590 1725 1644 ideoque,
1757 1588 1798 1633 si
1819 1603 1914 1644 pax

411 1655 510 1694 tunc
549 1651 669 1703 facta
709 1655 780 1702 est,
822 1650 871 1693 id
900 1652 1012 1704 quod
1050 1664 1136 1693 non
1167 1651 1374 1705 neqarim,
1418 1654 1558 1693 tamen
1589 1649 1855 1693 condiciones
1884 1663 1914 1692 a
1988 1700 1990 1702 ¹

405 1714 533 1766 parte
572 1711 754 1753 adversa
794 1710 976 1753 dictatas
1015 1724 1144 1764 eaque
1184 1710 1402 1754 occasione
1442 1723 1529 1752 non
1558 1710 1692 1752 solum
1723 1709 1915 1764 requiam

410 1770 700 1822 reformatam,
747 1771 822 1812 sed
860 1769 987 1812 etiam
1028 1769 1251 1823 antiquam
1293 1770 1528 1813 Scottorum
1573 1767 1914 1825 supputationem

411 1830 659 1883 abroqatam
681 1826 767 1871 esse
787 1843 951 1872 necesse
971 1833 1031 1871 631
1040 1830 1068 1870 3.
1117 1830 1206 1883 Quo
1225 1829 1352 1883 facto,
1376 1843 1469 1872 cum
1489 1828 1647 1883 reliqui
1668 1827 1914 1872 Galliarum
1938 1843 1975 1877 ²2⁵
2007 1837 2008 1840 ’

411 1887 592 1943 episcopi
633 1892 719 1931 tum
750 1888 963 1931 Abelenus
992 1888 1214 1932 monachis
1252 1903 1340 1931 non
1371 1889 1505 1931 solum
1536 1902 1623 1931 non
1654 1886 1912 1941 obstiterunt,

410 1949 485 1991 sed
514 1947 641 1990 etiam
673 1949 733 1990 ad
772 1949 1072 2001 confirmanda
1109 1947 1360 1992 Columbani
1389 1947 1588 1991 instituta
1619 1961 1792 2003 operam
1823 1960 1915 1990 con·

411 2007 608 2050 tulerunt.
670 2008 903 2050 Eustasius
943 2012 1082 2050 autem
1112 2007 1390 2063 disciplinam
1432 2007 1711 2050 coenobialem
1741 2005 1915 2050 minime

410 2066 637 2120 remittens,
670 2067 744 2121 qui
765 2066 964 2122 Ayrestio
996 2067 1178 2121 aliisque
1209 2067 1492 2111 secedentibus
1512 2066 1597 2110 sibi
1618 2069 1917 2110 remanserant
1990 2085 1991 2090 ¹

411 2140 479 2169 eos
510 2126 701 2180 colliqere
733 2128 934 2170 studebat.
998 2127 1203 2169 Maxima
1234 2127 1538 2170 monachorum
1567 2125 1793 2169 multitudo
1822 2124 1915 2179 ipso
1939 2140 1975 2168 ιο
1998 2179 1999 2182 ¹

408 2186 671 2240 ,aubernante
707 2186 949 2229 Luxovium
989 2186 1208 2240 confluoeit,
1249 2186 1313 2230 ita
1351 2190 1398 2228 ut
1436 2187 1550 2229 locus
1588 2185 1661 2231 vix
1699 2185 1917 2238 sufficeret
2006 2183 2008 2185 ’

412 2244 582 2299 aliaque
612 2245 662 2288 in
692 2245 849 2288 vicinis
886 2245 989 2289 locis
1019 2245 1281 2288 monasteria
1313 2246 1595 2289 construenda
1625 2248 1772 2299 essent,
1809 2257 1916 2299 quae

411 2304 522 2347 sicut
557 2304 918 2348 Grandivallense
947 2306 1241 2349 Waldebertus
1277 2305 1368 2349 eius
1398 2305 1639 2348 successor4
1670 2303 1734 2358 (a.
1759 2307 1916 2347 629-—

414 2362 522 2416 670)
554 2364 810 2416 aedificavit.
864 2365 1096 2407 Eustasius
1126 2365 1229 2419 ipse,
1256 2369 1482 2419 postquam
1503 2378 1587 2419 per
1617 2363 1798 2419 triqinta
1825 2362 1916 2406 dies

413 2422 658 2477 aeqrotavit,
691 2438 732 2465 a.
758 2428 856 2477 629,
890 2424 959 2467 die
992 2428 1031 2466 ⁶2.
1054 2424 1238 2479 Aprilis,
1271 2424 1464 2467 animam
1495 2423 1730 2478 exspiravit
1742 2424 1770 2465 ⁵.
1940 2437 1976 2464 ω

416 2574 451 2618 1)
481 2574 545 2608 Ea:
569 2575 642 2609 loco
667 2575 938 2619 Fredegariano
961 2576 1030 2619 IV,
1054 2578 1112 2619 54,
1138 2587 1258 2611 annus
1288 2578 1431 2611 concilii
1455 2577 1727 2611 Matisconensis
1752 2578 1916 2610 accurate

413 2623 706 2657 determinandus
738 2626 800 2666 est,
835 2624 875 2657 id
904 2624 999 2667 quod
1029 2626 1274 2668 praetermisit
1308 2625 1351 2661 F.
1380 2624 1558 2668 Maassen,
1593 2624 1752 2658 Concilia
1775 2623 1808 2666 Ι,
1832 2624 1914 2659 206.

414 2669 452 2715 2)
469 2670 611 2714 Regula
629 2670 761 2706 coenob.
787 2681 814 2706 c.
834 2673 865 2706 1.
884 2673 917 2707 3.
1003 2672 1042 2714 3)
1061 2673 1106 2710 Α,
1124 2671 1267 2715 ΗαασΙο,
1296 2672 1373 2706 ‘Kio
1375 2672 1581 2716 ·chen9esch.
1599 2670 1868 2706 Doutschlandd
1881 2670 1914 2714 I,

408 2728 448 2762 p.
466 2718 547 2754 284„
565 2719 671 2762 286,
647 2717 660 2736 ³
692 2717 907 2752 Columbaria
922 2719 1068 2762 ext-pulso
1085 2719 1285 2754 Scottorum
1305 2721 1593 2764 supputationem
1614 2721 1688 2753 iam
1704 2718 1915 2762 abroqatam

414 2775 485 2799 esse
509 2765 630 2809 voluit,
657 2766 723 2800 etsi
745 2765 883 2809 reliqua
905 2776 1025 2800 eorum
1051 2768 1218 2800 instituta
1239 2778 1350 2812 usque
1366 2768 1416 2801 ad
1432 2767 1605 2810 synodum
1623 2766 1916 2801 Matisconensem
1937 2769 1976 2796 4⁰
1996 2754 2008 2815 ξ

408 2812 629 2856 perdurasse
653 2813 828 2847 traditum
852 2817 911 2849 est.
1002 2813 1040 2859 4)
1065 2815 1103 2850 V.
1131 2814 1314 2849 Miracula
1339 2815 1558 2850 Waldeberti
1580 2818 1612 2850 et
1631 2813 1800 2848 Eustasii
1821 2816 1913 2848 auct.

414 2860 565 2942 Αᾶἰεοίπε,
554 2860 655 2917 '.SS‘
679 2861 767 2904 XV,
787 2862 890 2897 1172.
989 2861 1025 2907 5)
1050 2861 1137 2895 Vide
1160 2873 1200 2896 ea
1225 2873 1313 2907 quae
1337 2863 1446 2905 infra
1471 2863 1519 2896 ad
1541 2863 1583 2898 V.
1609 2861 1760 2897 Columb.
1785 2860 1838 2904 II,
1857 2862 1914 2905 10,

413 2918 436 2941 a
462 2917 508 2941 no
525 2918 593 2944 avi.

1995 3119 2008 3302 “anama-1⁴«.-
