2008 3302
433 295 603 343 IONAS,
620 296 787 334 VITAE
812 295 1120 334 OOLUMBANI
1145 296 1291 333 LIBRI
1312 295 1366 334 H.
1607 300 1654 335 29

148 417 352 462 laborans
399 418 657 473 Greyorium
697 419 765 462 M.
778 454 790 474 ,
839 419 960 463 cuius
999 419 1127 463 etiam
1167 419 1359 474 reyulam
1390 420 1655 475 pastoralem

148 492 190 522 a.
224 481 324 520 591.
362 478 632 532 compositam
647 479 662 505 ¹
694 479 863 534 leyerat,
906 494 947 522 a.
982 483 1082 521 600.
1126 479 1248 532 adiit,
1291 483 1338 522 ut
1377 483 1417 522 et
1454 479 1656 522 homilias

147 536 198 581 in
228 537 493 580 Ezechielem
507 539 523 564 ²
552 538 637 581 sibi
666 538 857 593 mitteret,
890 538 1050 582 scilicet
1079 543 1267 582 extrema
1307 538 1410 582 libri
1449 539 1653 593 exposita,

27 642 31 643 γ
149 601 189 641 et
232 596 413 641 Cantica
459 597 734 652 canticorum,
775 598 995 652 ipsumque
1034 598 1287 641 adhortatus
1326 603 1397 653 est,
1439 602 1487 641 ut
1525 603 1656 642 totam

36 659 49 688 ἴ
106 672 126 700 ο
151 656 398 700 Zachariae
443 657 740 701 obscuritatem
791 662 1027 712 exponeret.
1111 658 1212 713 Ipse
1263 658 1506 701 adolescens
1556 658 1657 702 huic

40 723 42 726 ’
149 715 388 760 litterarum
431 716 580 771 ,ceneri
624 731 668 761 se
719 718 914 771 dederat,
959 717 1228 772 psalmorum
1279 717 1435 761 librum
1486 718 1656 761 elimato

147 789 340 820 sermone
389 777 641 831 eoeponensss,
694 791 825 831 eaque
871 777 1074 831 expositio
1125 776 1176 819 in
1226 777 1399 820 vetustis
1450 777 1656 832 cataloyis

150 834 495 879 bibliothecarum
526 840 567 879 et
597 835 924 891 Sanyallensis4
956 835 1085 891 (sa-ec.
1120 837 1155 879 I
1153 836 1248 893 X)

4 902 46 946 Q
211 895 310 952 Exp
311 896 448 939 esitio
481 896 525 939 S.
550 896 828 940 Columbani
860 911 998 953 super
1029 910 1188 940 omnes
1220 897 1420 954 psalmos
1452 897 1542 940 vol.
1564 897 1604 948 Ι,

4 982 6 989 =
90 970 127 998 ιο
149 958 190 999 et
216 954 477 998 Bobiensis⁵
508 953 637 1007 (saec.
673 956 768 1012 X).·

4 1041 6 1048 ·
379 1015 523 1059 libros
555 1017 706 1059 saneti
737 1016 1016 1060 Columbani
1046 1018 1095 1059 in
1129 1017 1331 1083 psalmos
1363 1017 1429 1067 II

150 1079 511 1118 commemoratur.
601 1075 774 1119 Codices
824 1075 939 1130 ipsos
989 1076 1080 1119 iam
1131 1076 1260 1118 Pam
1232 1090 1353 1119 icius
1404 1075 1658 1130 Fleminyus

149 1133 318 1188 frustra
356 1133 407 1177 in
442 1134 512 1177 his
551 1134 810 1179 bibliothecis
849 1135 1119 1190 quaesiverat
1157 1149 1233 1179 nec
1272 1149 1341 1178 eos
1380 1135 1488 1178 alibi
1527 1135 1658 1188 facile

7 1235 9 1238 .
150 1193 342 1237 inveniri
387 1194 625 1248 contendit;
669 1194 779 1238 vidit
823 1200 963 1238 autem
1001 1195 1051 1238 in
1096 1195 1353 1238 monasterio
1394 1194 1658 1238 Luxoviensi

90 1268 127 1296 ιο
151 1253 498 1297 commentarium
528 1268 656 1308 super
679 1256 882 1309 psalmos,
914 1255 964 1298 in
994 1269 1075 1322 quo
1105 1256 1234 1298 verba
1265 1256 1456 1309 obsoleta,
1497 1254 1658 1298 Colum-

43 1323 45 1325 ·
151 1313 263 1356 bano
283 1312 534 1366 familiaria
555 1314 878 1368 deprehendisse
897 1315 982 1358 sibi
1001 1314 1120 1358 visus
1141 1319 1212 1368 est,
1235 1315 1311 1357 sed
1329 1329 1459 1369 aeque
1480 1314 1660 1357 alterius

150 1371 302 1416 vetusti
332 1372 521 1415 auctoris
550 1387 602 1416 ea
633 1387 720 1416 esse
747 1388 873 1429 posse
904 1373 1118 1428 concessit,
1159 1375 1273 1417 unde
1312 1373 1426 1416 nihil
1465 1373 1569 1416 certi
1609 1375 1660 1416 de

142 1431 342 1488 praefati
371 1432 511 1486 operis
541 1437 712 1476 auctore
741 1433 902 1486 afferre
925 1438 1107 1488 poterat.
1169 1433 1373 1476 Attamen
1408 1432 1660 1476 Columbani

151 1491 453 1546 expositionem
498 1492 639 1536 adhuc
684 1497 829 1536 extare
873 1493 997 1537 hodie
1043 1492 1276 1536 communis
1322 1492 1467 1547 opinio
1512 1497 1574 1535 est
1622 1497 1661 1535 et

6 1547 38 1609 'j
91 1567 129 1594 ao
152 1550 344 1595 creditur
380 1565 468 1595 esse
507 1566 559 1595 ea
598 1566 726 1607 quam
757 1553 1036 1596 Muratorius
1075 1567 1096 1596 e
1137 1552 1276 1596 codice
1305 1552 1526 1606 Bobiensi,
1568 1552 1659 1595 iam

11 1615 15 1621 '
151 1610 477 1655 Mediolanensi
507 1611 780 1656 bibliothecae
809 1613 1128 1656 Ambrosianae
1164 1612 1210 1656 O.
1245 1617 1345 1667 301,
1379 1627 1487 1656 saec.
1518 1612 1656 1666 VIII,

151 1670 227 1724 fol.
253 1673 471 1725 14—146,
504 1673 704 1715 eruerat6
727 1672 1068 1727 praescriptione
1099 1677 1139 1716 et
1166 1673 1352 1726 fortasse
1382 1672 1509 1715 etiam
1531 1686 1659 1727 prae-

150 1729 318 1784 fatione
331 1730 347 1757 ⁷
377 1730 630 1786 destitutam,
664 1746 758 1775 cum
787 1732 901 1786 folia
924 1732 1229 1787 praecedentia
1258 1732 1486 1786 perierint.
1556 1732 1659 1775 Ger-

12 1830 26 1841 ,
150 1803 285 1834 mana
314 1790 576 1846 Hieronymi
615 1791 776 1847 scripta
806 1792 955 1847 priori
994 1792 1151 1836 codicis
1181 1791 1307 1847 parti
1345 1792 1506 1846 insunt,
1547 1793 1661 1834 unde

32 1895 42 1907 Ι,
91 1865 128 1893 eu
152 1849 362 1894 librarius
399 1865 507 1894 saec.
554 1851 602 1893 X
612 1851 660 1895 V.
703 1856 743 1895 et
780 1852 1080 1906 expositionem
1121 1852 1307 1895 eiusdem
1346 1851 1534 1895 auctoris
1573 1865 1661 1895 esse

152 1909 348 1964 coniecit,
396 1911 650 1954 recentiores
689 1916 828 1954 autem
874 1926 1017 1955 omnes
1058 1911 1269 1955 Vallarsii
1311 1911 1491 1966 vestiyia
1530 1911 1661 1954 secuti

159 1969 419 2013 Columbano
442 1970 588 2024 potius
618 1985 711 2015 eam
743 1971 1042 2015 attribuerunt.
1111 1971 1253 2015 Codex
1283 1975 1462 2026 propter
1494 1971 1661 2026 ylossas

151 2028 417 2073 Hibernicas
446 2044 556 2073 saec.
589 2030 682 2073 IX.
715 2031 957 2086 adscriptas
987 2033 1104 2085 apud
1133 2031 1306 2086 linquae
1344 2031 1466 2074 illius
1495 2030 1661 2085 peri-tos

19 2130 25 2140 ,
69 2091 74 2096 “
151 2102 313 2144 mayna
344 2089 595 2133 auctoritate
626 2105 714 2133 non
743 2091 956 2134 immerito
986 2093 1124 2145 floret,
1166 2091 1230 2133 ita
1266 2095 1315 2134 ut
1351 2090 1441 2133 iam
1481 2090 1535 2133 ab
1574 2103 1660 2133 uno

23 2158 30 2184 ‘-
90 2163 128 2191 ⁸0
151 2162 296 2192 eorum
326 2150 387 2192 ad
413 2163 598 2204 unquem
637 2164 859 2205 expressus
898 2151 948 2193 in
979 2150 1200 2205 publicum
1233 2149 1447 2205 prodierit
1458 2151 1486 2204 8,
1528 2163 1661 2204 neque

17 1981 33 2002 ζ’

15 2022 28 2065 ἐ

13 2091 31 2114 x

15 2178 34 2243 ἒ
153 2254 190 2298 1)
229 2254 287 2296 Cf.
313 2253 420 2298 Jaffe'
449 2267 485 2291 n.
512 2255 641 2292 1094‘2.
773 2255 811 2302 2)
846 2256 925 2290 Eas
958 2266 992 2292 a.
1019 2256 1141 2297 595s6.
1176 2257 1398 2300 conscriptas
1430 2266 1501 2290 esse
1533 2258 1661 2290 statuit

151 2301 195 2338 P.
219 2301 360 2345 Ewald,
388 2302 498 2347 Jaffe
518 2314 553 2339 n.
575 2302 701 2340 14012.
799 2303 838 2348 3)
863 2304 902 2339 V.
929 2303 1085 2339 Columb.
1108 2304 1142 2348 I,
1160 2305 1194 2340 3.
1291 2304 1329 2350 4)
1361 2304 1418 2346 Cf.
1448 2303 1491 2340 G.
1514 2303 1660 2346 Becker,

38 2392 41 2394 v
154 2349 320 2394 Cataloqi
341 2350 628 2386 bibliothecarum
654 2352 845 2397 antiquip
847 2352 932 2394 .,48
957 2363 994 2387 n.
1012 2353 1095 2389 229.
1193 2352 1229 2396 5)
1259 2352 1286 2385 I
1288 2351 1319 2387 b
1339 2363 1379 2396 p.
1398 2353 1456 2395 67
1482 2363 1517 2387 n.
1536 2350 1658 2394 21617.

17 2423 21 2450 1,
152 2397 191 2443 6)
216 2396 423 2432 Muratorii
435 2399 679 2443 Antiquitates
694 2399 845 2434 Italicae
868 2400 979 2434 medii
1000 2401 1079 2434 aevi
1097 2399 1174 2443 III,
1192 2401 1275 2436 857.
1318 2400 1477 2434 Codicem
1502 2400 1660 2444 descrip-

15 2429 38 2515 ἰ
91 2449 128 2478 ⁸⁶
151 2448 284 2537 ’99ῑὲ99
311 2446 785 2538 &testantes
803 2452 1003 2529 Με9Μ9Μ9Μ
993 2428 1492 2540 aenaeae.

22 2535 34 2564 3
147 2552 188 2586 p.
207 2541 310 2576 60—
320 2542 397 2584 65).
520 2541 556 2589 7)
591 2543 763 2578 Eiusdem
798 2544 847 2577 ad
881 2543 938 2579 Ps.
967 2545 1022 2579 15.
1061 2543 1119 2577 his
1152 2544 1266 2578 verbis
1299 2546 1427 2578 auctor
1459 2544 1661 2577 meminisse

18 2567 38 2618 ἃ
152 2588 314 2622 videtur:
346 2588 470 2624 Multa
501 2601 660 2635 namque
694 2589 793 2636 apud
817 2590 959 2625 Ebreos
983 2591 1231 2635 inveniuntur,
1266 2602 1359 2636 quae
1385 2602 1432 2626 ex
1455 2590 1566 2626 rebus
1591 2590 1662 2625 sibi

15 2620 35 2666 i
152 2634 270 2670 insitis
296 2636 481 2682 accipiunt
503 2649 650 2684 nomen,
685 2638 786 2683 quod
819 2638 967 2684 quidem
998 2638 1096 2674 inter
1119 2638 1389 2684 proprietatum
1425 2638 1662 2674 collectiones

92 2689 130 2715 40
151 2683 192 2718 in
214 2683 443 2729 praefatione
467 2685 700 2731 signavimus,
726 2689 767 2720 ut
793 2689 847 2721 est
870 2686 942 2721 hoe
967 2686 1013 2721 de
1039 2697 1110 2731 quo
1132 2697 1252 2721 sermo
1274 2689 1450 2722 versatur.
1524 2686 1561 2731 8)
1589 2686 1660 2722 Ed.

17 2683 39 2771 ἓ
156 2731 199 2768 G
217 2732 248 2767 I.
268 2732 398 2776 Αεσοῑί,
423 2733 475 2767 ‘Il
495 2735 609 2768 codice
630 2734 816 2769 Irlandese
837 2734 919 2769 dell’
935 2734 1193 2769 Ambrosiana’
1210 2737 1232 2779 (
1230 2735 1415 2769 ‘Archivio
1439 2735 1661 2778 ytottoloyico

17 2760 42 2871 ἰῖ
153 2779 338 2823 Ιταῑίαποᾎ
373 2781 508 2815 Romae
534 2784 638 2825 1878,
674 2783 739 2818 vol.
774 2783 829 2827 V).
879 2782 1090 2816 Particulas
1123 2784 1358 2826 expositionis
1386 2786 1468 2826 post
1493 2782 1662 2816 Murato-

19 2878 37 2906 ὅ

20 2945 30 2967 κ

153 2828 253 2861 rium
287 2827 576 2873 Vallarsiumque
608 2829 759 2874 (Miqne‚
793 2830 1008 2873 Patroloyia
1041 2831 1103 2866 lat.
1130 2830 1277 2872 XXVI,
1315 2831 1379 2865 col.
1405 2831 1495 2873 863)
1527 2829 1665 2874 publici

20 2911 23 2918 ¹
154 2876 251 2909 iuris
274 2877 405 2918 fecerat
429 2877 551 2921 Zeuss,
580 2877 830 2911 G-t·ammatica
854 2879 974 2912 celtica
999 2878 1066 2920 (ed.
1093 2878 1184 2912 Ebel
1209 2879 1300 2914 1871
1312 2877 1356 2920 ²),
1392 2879 1433 2911 in
1457 2878 1662 2921 Appendice

21 2920 24 2942 ἶ
93 2927 131 2954 46
148 2933 188 2967 p.
209 2924 463 2967 1043—1048,
498 2935 576 2958 una
609 2935 689 2959 cum
723 2926 874 2968 epistula
899 2925 1116 2969 Hieronymi
1138 2926 1188 2959 ad
1213 2926 1469 2969 Sophronium,
1505 2935 1595 2970 quae
1618 2926 1661 2959 in

24 2968 35 2982 ³
148 2971 277 3014 priore
301 2971 427 3006 codicis
446 2977 555 3016 parte
579 2973 660 3016 (fol.
678 2971 731 3012 2‘)
757 2973 898 3016 leyitur.
