2008 3302
426 286 594 332 IONAS,
612 285 776 324 VITAE
801 284 1111 323 COLUMBANI
1134 284 1282 321 LIBRI
1307 283 1359 323 11.
1605 287 1649 322 15

139 409 378 456 cedentibus
422 424 474 454 ac
519 408 862 464 subsequentibus
907 407 1194 476 Columbanus
1239 409 1300 452 ad
1339 407 1650 451 Nivernensem

48 522 50 525 ⁸
139 471 286 515 urbem
331 471 573 524 advenerat,
621 469 821 524 iussuque
866 467 983 524 reqis
1021 468 1145 512 aditu
1184 481 1346 523 quoque
1376 467 1649 511 ecclesiarum

136 529 453 589 prohibebatur,
495 544 548 573 ne
580 529 862 584 tranquillum
893 529 1096 572 turbaret.
1160 527 1306 571 Victus
1337 527 1579 571 cotidianus
1609 527 1649 571 ei

52 593 58 646 j
130 589 305 648 publice
333 603 422 632 non
443 590 742 644 praebebatur,
775 589 850 632 sed
877 587 971 644 ipse
995 601 1089 631 eum
1114 601 1195 642 quo
1218 591 1392 654 poterat
1413 587 1534 630 modo
1564 587 1650 630 sibi

46 654 55 690 ἶ
97 665 117 696 ο
140 662 389 704 comparare
420 653 587 693 coactus
617 653 724 692 erat.
782 647 993 704 Episcopi
1023 646 1185 702 aliique
1215 646 1515 690 misericordia
1545 661 1650 691 com-

16 824 18 827 v
140 769 371 813 Namnetis
418 768 587 824 positus
627 767 866 824 penuriam
911 771 1158 824 pateretur,
1211 767 1399 810 Procula
1449 771 1650 810 matrona

54 883 55 886 Ἰ
139 829 357 883 alteraque
385 828 517 872 Doda
546 827 718 871 nomine
749 827 790 871 ei
825 827 1058 883 permultos
1087 826 1250 870 modios
1278 826 1386 880 vini,
1426 826 1647 880 frumenti,

140 889 287 933 braces
315 888 537 932 miserunt.
591 887 862 944 Sophronius
892 891 1033 931 autem
1065 886 1145 930 loci
1176 886 1399 942 episcopus
1429 901 1473 930 se
1504 902 1532 930 a
1562 901 1648 929 mu-

2 968 5 974 ’
43 957 51 998 ζ
81 965 118 994 ιο
139 948 314 992 neribus
359 947 519 992 dandis
563 947 773 991 abstinuit
816 961 948 1002 neque
999 947 1294 991 commutando
1339 946 1379 990 ei
1424 946 1650 1001 quicquam

139 1007 347 1063 tradidi&
377 1008 558 1052 habebat
586 1007 701 1051 enim
731 1021 827 1051 cum
858 1007 1136 1050 Theudoaldo
1167 1006 1314 1050 comite
1345 1021 1374 1049 a
1403 1021 1501 1061 reqe
1530 1021 1649 1050 man-

139 1069 297 1122 datum,
349 1072 397 1111 ut
442 1067 691 1111 adveniente
735 1066 841 1111 navi
885 1066 1129 1110 Hibernica
1174 1065 1374 1110 traiectui
1419 1066 1511 1109 eius
1557 1081 1650 1110 con-

137 1128 325 1171 sulerent
336 1127 365 1170 1.

289 1199 550 1244 Golumbano
580 1200 769 1254 abducto,
801 1199 964 1252 fratres
984 1197 1174 1241 Luxovii
1197 1197 1336 1242 relicti
1363 1199 1649 1253 qubernaculo

4 1270 7 1273 ’
58 1267 116 1312 11⁶
139 1259 313 1303 omnino
353 1260 567 1312 carebant,
609 1273 703 1302 cum
742 1273 796 1302 ne
836 1257 964 1302 alteri
1003 1257 1172 1312 quidem
1209 1272 1358 1301 curam
1397 1257 1650 1301 monasterii

139 1318 426 1364 committendi
449 1318 654 1373 maqistro
679 1319 842 1362 occasio
867 1319 973 1361 data
997 1322 1113 1372 esset,
1147 1322 1375 1372 antequam
1397 1319 1646 1361 abscederet.

149 1379 385 1423 Verebatur
414 1382 566 1433 autem,
599 1392 653 1421 ne
683 1392 727 1421 se
757 1379 927 1421 absente
956 1377 1156 1420 monachi
1188 1392 1217 1420 a
1242 1377 1390 1433 prisco
1413 1378 1649 1420 Scottorum

138 1438 228 1483 ritu
258 1437 569 1482 alienarentur.
633 1437 862 1481 Namnetis
892 1438 1060 1480 demum
1090 1436 1351 1491 constitutus,
1391 1438 1492 1480 dum
1521 1437 1650 1480 navis

6 1540 9 1558 ,ἵ
50 1546 53 1547 ⁷
138 1501 394 1555 expectatur,
436 1497 567 1540 otium
598 1497 762 1541 litteras
792 1498 853 1540 ad
885 1497 1049 1550 fratres
1078 1496 1217 1540 dandi-
1247 1501 1399 1540 nactus
1428 1501 1500 1551 est,
1540 1511 1650 1551 quae

8 1563 9 1566 ’
54 1612 56 1615 r
78 1562 117 1604 n'o
139 1558 280 1603 adhuc
328 1559 586 1614 supersunt2
640 1557 925 1612 historiaeque
982 1556 1236 1601 Oolumbani
1290 1557 1432 1600 lumen
1487 1556 1649 1600 clarius

43 1618 45 1622 ’
138 1617 341 1671 afferunt.
403 1616 744 1661 Persecutionem
774 1631 903 1672 quam
934 1616 1188 1673 patiebatur
1216 1616 1310 1673 ipse
1341 1617 1559 1669 confessus
1589 1621 1652 1660 est

59 1697 61 1699 ·
140 1677 323 1733 ‘propter
351 1677 535 1721 verbum'
568 1682 759 1721 exortam
788 1691 876 1721 esse
898 1676 1178 1732 periculaque
1198 1676 1328 1720 etiam
1349 1676 1465 1719 domi
1488 1676 1650 1720 relictis

137 1737 362 1781 imminere
382 1736 601 1781 discordia
617 1736 821 1792 paschali
840 1741 955 1780 mota
964 1756 979 1790 ;
1000 1751 1101 1793 pax
1122 1736 1238 1780 enim
1262 1751 1357 1780 cum
1381 1736 1650 1780 adversariis

138 1799 329 1841 nondum
367 1797 487 1851 facta
526 1801 620 1840 erat
663 1796 934 1852 insidiasque
979 1798 1033 1840 ab
1079 1796 1141 1839 eis
1179 1801 1384 1851 perpetuo
1428 1797 1646 1851 metuebat,

58 1892 65 1898 -.
78 1873 116 1902 ω
138 1856 230 1901 suis
259 1856 351 1901 iam
374 1856 694 1910 infirmioribus
722 1856 866 1910 factis.
918 1856 1073 1911 Itaque
1096 1856 1171 1899 vix
1191 1856 1366 1900 dubium
1386 1870 1473 1899 esse
1495 1861 1647 1912 potest,

138 1917 244 1973 quin
280 1915 567 1961 Columbanus
596 1921 782 1973 propter
810 1916 1024 1960 diversam
1050 1916 1281 1972 paschatis
1310 1916 1649 1971 sumoutationem

138 1977 349 2034 episcopis
375 1976 620 2021 Gallicanis
638 1976 952 2020 insidiantibus
976 1991 997 2020 e
1023 1975 1278 2020 Theuderici
1297 1990 1429 2031 reqno
1450 1977 1649 2030 expulsus

140 2037 209 2081 sit.
260 2037 335 2080 Ex
358 2038 504 2080 eadem
534 2036 720 2093 epistula
745 2036 886 2092 colliyi
911 2036 1018 2091 licet,
1051 2036 1170 2092 ipsos
1193 2036 1422 2080 monachos
1446 2035 1496 2079 in
1521 2036 1649 2079 binas

130 2100 285 2153 partes
304 2096 464 2139 divisos
484 2110 572 2140 esse
591 2109 805 2151 unamque
819 2097 1009 2140 rebellem
1026 2098 1087 2139 ad
1105 2095 1380 2139 adversarios
1399 2095 1647 2149 declinasse,

33 2174 44 2197 π
80 2170 117 2200 ιο
138 2157 253 2201 unde
273 2157 392 2214 plus,
420 2156 574 2211 inquit,
597 2157 729 2200 nobis
751 2159 1024 2208 nocuerunt,
1052 2157 1132 2212 qui
1154 2157 1279 2212 apud
1299 2170 1385 2199 nos
1405 2157 1649 2199 unanimes

44 2254 48 2259 ,,
138 2231 234 2260 non
263 2217 470 2260 fuerunt.
524 2216 715 2259 Rebelles
744 2216 868 2269 foras
893 2215 1010 2258 exire
1035 2214 1164 2258 iussit
1182 2216 1371 2269 solosque
1391 2215 1651 2258 oboedientes

31 2314 54 2331 4
139 2275 312 2319 heredes
356 2275 489 2318 voluit
533 2290 633 2318 esse.
701 2275 941 2331 Imperium
981 2275 1169 2318 Athalae
1213 2289 1312 2318 vero
1357 2275 1528 2329 sequaci
1574 2289 1649 2318 suo

50 2335 51 2339 ’
141 2335 334 2390 tradidit,
368 2335 437 2379 cui
467 2335 652 2390 reliquos
672 2335 865 2379 oboedire
885 2335 1038 2390 iussit,·
1067 2335 1180 2389 quod
1208 2335 1249 2378 si
1278 2334 1423 2391 ipsum
1452 2334 1650 2390 subsequi

24 2431 25 2436 ,
139 2395 212 2439 ille
242 2395 397 2449 mallet,
428 2395 725 2439 Waldelenum
755 2394 997 2450 designavit
1016 2394 1326 2451 praepositum.
1386 2394 1470 2438 Sin
1501 2410 1529 2438 a
1551 2409 1649 2450 per-

21 2456 46 2507 f.
81 2469 118 2499 ω
140 2454 353 2509 fectionis
369 2468 524 2498 norma
554 2469 598 2498 se
622 2454 762 2510 mayis
781 2459 1042 2498 removerent
1061 2468 1190 2509 quam
1211 2459 1311 2498 ante
1331 2468 1464 2509 neque
1484 2455 1650 2498 Athala

35 2522 38 2523 ’
142 2514 466 2582 conqreqationi
490 2516 797 2582 qubernandae
827 2515 1056 2569 sufficeret,
1089 2515 1253 2568 fratres
1292 2528 1446 2568 omnes,
1487 2515 1551 2558 vel
1582 2529 1650 2558 eos

141 2574 217 2630 qui
261 2575 402 2641 ipsum
447 2573 498 2617 in
536 2574 744 2618 viciniam
773 2574 1022 2618 Brittonum
1069 2574 1200 2618 secuti
1245 2579 1392 2628 essent,
1442 2575 1528 2617 loco
1574 2574 1650 2618 illo

22 2679 33 2692 ᾗ
141 2633 299 2689 relicto,
331 2633 377 2677 in
409 2634 749 2689 opportuniorem
780 2634 1005 2678 convenire
1026 2634 1228 2690 permisit
1251 2633 1460 2688 simulque
1483 2634 1558 2688 qui
1589 2634 1651 2677 eis

24 2700 45 2753 'a
133 2698 352 2749 praeesset
381 2708 476 2737 eum
505 2694 681 2737 interim
712 2695 881 2749 eleqere,
914 2709 1123 2738 summam
1153 2694 1238 2738 sibi
1278 2707 1504 2737 reservans
1535 2699 1650 2748 pote-

22 2755 52 2912 }
82 2770 120 2798 ιο
141 2758 305 2806 statem,
357 2753 396 2797 si
446 2768 528 2797 sua
577 2754 733 2797 iterum
782 2768 941 2797 usurus
991 2758 1098 2797 esset
1141 2755 1367 2797 voluntate.
1431 2753 1650 2809 Inprimis

141 2813 302 2857 unitati
345 2814 598 2857 studendum
642 2818 737 2857 erat
780 2815 1032 2869 requlaeque
1077 2813 1266 2867 firmitas
1311 2812 1549 2866 retinenda,
1597 2827 1650 2856 ne

145 2966 181 3011 1)
199 2966 241 3003 V.
269 2966 423 3004 Columb.
446 2967 478 3011 I,
495 2969 552 3003 23.
650 2966 688 3013 2)
714 2967 802 3003 ΜΘ.
827 2968 897 3011 Ep.
923 2967 998 3011 III,
1018 2968 1098 3004 166.

138 709 241 754 moti
284 723 354 752 res
399 708 552 776 quibus
595 707 815 774 indiyebat
856 707 896 751 ei
936 707 1135 751 libenter
1179 706 1424 760 offerebant,
1477 721 1650 762 cumque
1675 723 1720 750 *.
1769 745 1777 752 .
