2008 3302
392 260 560 306 IONAS,
577 259 741 297 VITAE
766 258 1074 296 OOLUMBANI
1098 257 1244 294 LIBRI
1270 256 1321 295 11.
1565 258 1611 293 75

106 384 256 441 optime
285 383 442 438 meriti,
474 383 754 426 intercedente
791 381 845 426 G.
875 381 1052 436 Grupp1
1083 380 1177 424 viro
1207 379 1459 434 doctissimo,
1491 379 1614 422 nobis

97 448 273 501 praesto
303 447 408 498 erat,
441 443 518 497 fol.
542 441 776 496 72—114‘,
809 443 954 485 eadem
986 445 1112 495 atque
1133 441 1397 495 praecedens
1417 439 1611 493 continet,

58 519 61 524 ·
106 505 206 548 dum
230 517 282 547 ea
302 516 410 558 quae
437 502 782 547 Columbaniana
801 500 962 557 excipit
976 514 1088 555 pars
1111 498 1206 554 (fol.
1226 499 1495 555 115—153‘)
1520 513 1613 543 cum

62 607 63 610 ,
106 563 239 609 altero
265 562 403 607 codice
424 561 838 615 Benedictoburano,
871 560 995 604 bodie
1015 559 1276 603 Monacensi
1307 561 1379 603 lat.
1413 574 1456 602 n.
1481 563 1611 612 4618,

71 675 75 677 λ
105 637 213 668 saec.
253 623 378 676 XII,
427 621 622 666 convenit
658 621 915 675 eundemque
955 620 1004 663 V.
1047 619 1164 674 Lupi
1208 623 1364 662 temtum
1404 618 1570 662 exhibet
1584 620 1612 660 2.

104 682 174 727 De
204 682 473 736 monasteriO,
507 682 567 724 ad
592 682 706 736 quod
734 680 841 724 liber
866 679 966 722 olim
990 679 1274 735 pertinuerat,
1307 679 1383 732 fol.
1411 683 1448 721 1.
1480 693 1615 722 manu

28 763 50 778 f·
104 756 214 787 saec.
243 742 351 786 XV.
379 742 482 785 haec
505 741 644 784 relata
673 744 797 783 sunt:
829 740 926 783 Iste
958 739 1147 782 libellus
1180 740 1351 782 abtinet
1383 754 1492 782 mon
1517 771 1527 780 .
1552 771 1562 780 .
1588 771 1612 790 .‚

105 801 274 847 nomine
305 801 386 845 loci
415 801 602 845 consulto
633 799 796 843 detrito.
861 798 1045 842 Interim
1074 799 1144 843 W.
1176 798 1456 842 Wattenbaeb
1488 799 1523 841 b.
1557 813 1612 840 m.

105 862 241 906 locum
278 861 484 905 Passioni
525 859 873 915 Teryeminorum
913 858 1143 902 subiectum
1183 855 1278 911 (fol.
1311 859 1415 913 164)
1458 857 1615 901 exami-

44 938 83 966 -·ο
105 935 220 965 nans
241 922 291 965 de
315 919 512 976 reliquiis
534 920 761 963 eorundem
787 923 1033 963 sanctorum
1063 918 1127 962 ibi
1152 918 1226 973 aqi
1250 917 1479 972 perspexit,
1506 931 1616 972 quae

50 984 55 998 ⁴
105 981 342 1025 Ramvoldo
381 980 527 1024 abbati
565 978 818 1023 monasterii
859 979 904 1022 S.
937 978 1248 1021 Emmerammi
1285 977 1616 1032 Ratisponensis

12 1094 29 1098 ,.
107 1038 167 1096 (a.
191 1039 477 1096 975—1001)
505 1055 531 1082 a
557 1038 840 1084 Winidhario
865 1039 1014 1082 abbate
1034 1037 1414 1092 Elewanyensium
1441 1035 1502 1089 (a.
1527 1041 1612 1080 978

45 1110 47 1115 ·
104 1103 276 1158 -987)
299 1114 518 1145 concessae
539 1103 666 1143 erant
677 1100 704 1153 ³,
729 1112 902 1153 cumque
923 1097 1135 1141 librarius
1155 1112 1189 1140 s.
1216 1098 1323 1141 XV.
1346 1097 1616 1152 maryinibus

40 1187 41 1190 =
104 1160 225 1205 haud
252 1174 356 1204 raro
387 1158 680 1216 adscripserit,
722 1159 834 1202 hanc
863 1159 929 1201 vel
962 1158 1084 1201 illam
1115 1158 1334 1212 leyendam
1367 1156 1430 1200 ‘in
1459 1171 1615 1212 mayno

10 1223 12 1226 ’
43 1248 48 1260 1
70 1251 74 1259 ·
96 1220 355 1276 passionali’
377 1224 533 1274 extare,
557 1221 607 1262 de
633 1218 858 1262 celebriore
882 1219 1066 1273 quodam
1090 1217 1349 1260 monasterio
1373 1217 1467 1260 sine
1488 1216 1616 1260 dubio

104 1279 286 1336 cogitari
315 1294 480 1324 necesse
509 1284 582 1322 est.

248 1352 311 1394 Et
340 1350 536 1395 laterculi
567 1354 607 1393 et
627 1349 993 1404 praescriptiones
1024 1348 1209 1403 capitum
1240 1349 1411 1391 adsunt.
1464 1349 1512 1391 V.
1544 1347 1615 1391 Co-

105 1411 299 1456 lumbani
329 1425 363 1455 c.
391 1414 458 1454 16.
491 1409 602 1453 sieut
629 1409 680 1452 in
710 1409 755 1452 A
785 1414 842 1452 lc.
865 1409 904 1452 c*
937 1408 1002 1452 ita
1031 1408 1081 1451 in
1112 1409 1189 1452 hoc
1220 1407 1501 1462 desideratur,
1543 1409 1618 1450 sed

40 1511 42 1514 ,
98 1470 383 1527 praescriptio
423 1470 609 1514 eiusdem
649 1470 770 1513 adest
808 1465 997 1525 (absque
1039 1470 1221 1521 damno,
1263 1482 1342 1510 om.
1376 1468 1615 1511 effusionis

38 1554 75 1570 ⁴·
105 1531 149 1575 A
170 1527 286 1588 lc**)‚
320 1531 478 1574 ducens
509 1534 666 1573 teoetum
698 1543 732 1572 c.
760 1532 827 1571 17.

40 1651 42 1654 y
249 1603 293 1646 A
313 1601 440 1658 lc***)
482 1601 621 1646 Codex
657 1600 995 1645 Oxoniensis
1027 1599 1298 1643 bibliothecae
1328 1598 1614 1653 Bodleianae,

38 1678 40 1683 ¹
105 1663 248 1707 Laud.
274 1661 406 1706 Misc.
433 1676 477 1705 n.
506 1666 587 1704 163
623 1659 741 1716 (olim
767 1665 878 1703 1561
913 1664 953 1703 et
981 1660 1125 1703 Laud.
1148 1660 1201 1703 L.
1227 1663 1282 1702 35
1316 1663 1355 1702 et
1384 1658 1442 1702 B.
1471 1658 1572 1714 167)
1585 1661 1614 1713 4,

47 1723 53 1725 ’
105 1737 214 1767 saec.
250 1722 358 1777 XV,
394 1722 470 1776 fol.
505 1720 795 1775 328‘—359‘,
830 1720 952 1764 cuius
982 1721 1033 1763 de
1063 1719 1172 1773 fatis
1202 1720 1277 1773 fol.
1306 1723 1376 1761 82.
1410 1719 1514 1762 haec
1544 1721 1616 1763 ad-

105 1787 255 1827 notata
293 1786 416 1826 sunt:
456 1782 597 1825 Liber
629 1781 853 1825 Guilelmi
894 1781 1054 1824 Laude
1096 1780 1448 1836 Archiepisoopi
1481 1779 1615 1823 Cant.

37 1858 84 1888 ἰε
107 1845 156 1888 et
193 1842 473 1886 Cancellarii
504 1842 755 1885 Universit.
790 1841 935 1884 Oxon.
972 1844 1099 1894 1636,
1143 1840 1192 1883 V.
1234 1839 1487 1883 Columbani
1526 1855 1618 1883 una

38 1913 43 1916 ’
107 1917 201 1946 cum
241 1901 422 1957 epistula
462 1901 744 1955 laterculoque
779 1899 965 1955 capitum
997 1899 1493 1954 praescriptionibusque
1524 1914 1617 1943 con-

107 1962 224 2006 tinet.
282 1962 439 2005 Textus
459 1976 553 2005 cum
578 1960 703 2004 libris
723 1960 767 2003 A
782 1964 829 2003 lc
859 1960 969 2013 facit
999 1974 1173 2014 eumque
1203 1959 1272 2002 his
1302 1958 1617 2002 attribuendum

7 2039 24 2083 -j
108 2035 196 2066 esse
226 2036 278 2066 ex
307 2023 396 2075 fine
427 2036 461 2065 c.
484 2025 551 2063 17.
584 2025 694 2064 certo
725 2019 879 2064 certius
909 2019 1169 2074 intelleyitur
1195 2024 1319 2074 atque
1343 2019 1456 2062 lianc
1481 2019 1619 2074 ipsius

16 2080 37 2135 ff·
109 2081 398 2126 condicionem
417 2081 552 2124 solam
577 2079 885 2123 animadvertit
903 2080 1091 2133 Lawlor,
1125 2079 1203 2122 etsi
1233 2078 1380 2122 aliena
1411 2081 1620 2133 quaedam

15 2187 18 2193 ,
50 2159 86 2187 ιο
109 2156 203 2185 eum
218 2155 306 2185 non
321 2141 537 2196 fuyerunt.
586 2139 772 2183 Interim
790 2139 860 2184 W.
878 2139 1063 2182 Levison
1078 2139 1217 2182 socius
1232 2153 1348 2181 meus
1363 2138 1486 2182 illum
1502 2153 1619 2182 accu-

18 2210 22 2212 “
44 2216 46 2225 .
109 2201 250 2245 ratius
280 2200 537 2244 examinans
567 2199 762 2243 lectiones
783 2199 1003 2254 plurimas
1033 2198 1145 2242 eruit
1175 2213 1267 2242 cum
1300 2199 1432 2242 classe
1452 2198 1498 2241 B
1528 2213 1620 2242 con-

23 2308 26 2309 ⁷
109 2261 336 2315 venientes,
369 2275 404 2303 e.
433 2274 527 2315 9r..·
565 2274 598 2304 c.
622 2264 662 2302 2.
697 2260 808 2302 satis
841 2261 912 2302 est
943 2259 1057 2313 add,
1091 2273 1124 2302 e.
1150 2263 1190 2301 6.
1223 2260 1471 2315 spopondit
1504 2259 1618 2312 add„

34 2336 35 2339 ¹
112 2335 146 2364 c.
175 2324 241 2362 12.
274 2317 394 2376 sinu]
428 2321 597 2377 speleo,
631 2334 665 2363 c.
702 2323 769 2361 14.
802 2320 1133 2362 intercessione
1165 2319 1286 2373 add,
1329 2333 1361 2362 c.
1402 2323 1468 2360 17.
1493 2332 1620 2374 prae-

111 2380 363 2435 scriptiones
382 2379 568 2434 capitum
589 2379 746 2423 codicis
761 2378 806 2421 B
821 2383 874 2421 la
890 2380 1058 2433 adsunt,
1082 2393 1116 2422 c.
1130 2383 1199 2421 30.
1217 2379 1486 2422 muneribus
1502 2381 1618 2430 orat,

53 2458 89 2486 ιε
113 2441 292 2493 annuis,
325 2441 550 2494 eademque
575 2438 678 2482 libri
699 2439 903 2492 affinitas
924 2452 1011 2481 non
1031 2439 1167 2482 solum
1187 2452 1239 2482 ex
1258 2438 1406 2482 ultimo
1428 2438 1622 2482 laterculi

113 2500 234 2544 titulo
265 2500 554 2544 concludenda
578 2503 648 2553 est,
682 2500 756 2542 sed
775 2499 904 2542 etiam
925 2512 977 2542 ex
997 2502 1111 2541 textu
1142 2513 1175 2542 c.
1203 2502 1270 2553 16,
1303 2500 1416 2553 quod
1445 2498 1622 2553 reliquis

116 2654 152 2698 1)
190 2654 328 2688 Auctor
360 2657 409 2688 est
442 2654 600 2697 cataloyt'
633 2653 793 2687 codicum
828 2653 983 2700 eiusdem
1018 2652 1252 2695 bibliothecae,
1290 2654 1354 2697 qui
1388 2652 1601 2686 inscribitur
1610 2663 1623 2685 .-

10 2728 23 2747 ς,
117 2701 688 2744 ‘Handschriften-Verzeichnis,
714 2701 746 2736 I.
764 2700 901 2745 Hdlfte‚
932 2700 1456 2744 Ottinyen-Wallersteinisclie
1480 2700 1622 2734 Samm-

31 2751 33 2754 ⁴
117 2750 250 2793 lunyen
282 2750 324 2783 in
347 2749 586 2792 Machinqm’,
622 2748 843 2792 Nordlinqae
876 2750 979 2785 1897.
1040 2748 1198 2783 Codicem
1238 2748 1292 2782 ibi
1325 2748 1624 2792 praetermissum

48 2805 93 2840 (ιο
116 2797 353 2841 descripserat
387 2797 439 2832 W.
465 2797 706 2840 Wattenbach,
734 2795 789 2832 ‘N.
814 2797 941 2832 Arch!
964 2796 1049 2841 VII,
1070 2807 1111 2840 p.
1131 2798 1210 2832 171.
1308 2797 1345 2839 2)
1370 2795 1424 2838 Cf.
1449 2795 1527 2831 Scr.
1549 2805 1622 2831 rer.

8 2865 27 2901 η
117 2845 313 2888 Meroviny.
338 2844 409 2888 IV,
428 2856 468 2889 p.
487 2846 568 2880 777.
690 2845 727 2889 3)
766 2844 822 2888 Cf.
849 2844 902 2880 W.
928 2844 1169 2886 Wattenbach,
1196 2844 1255 2878 ‘N.
1282 2843 1405 2878 Archl
1430 2843 1514 2886 VII,
1531 2844 1626 2883 620,-

16 2907 18 2910 ·
126 2892 231 2935 VIII,
250 2894 320 2929 369
327 2903 344 2934 ,·
370 2891 445 2928 ‘G.-
455 2891 506 2934 Q!
525 2892 556 2935 I,
574 2893 644 2928 451
659 2891 681 2928 ⁷.
787 2891 825 2937 4)
853 2891 910 2934 Cf.
939 2891 1043 2934 Goxe,
1078 2892 1244 2935 Cataloyi
1275 2891 1430 2925 codicum
1463 2901 1547 2927 mss.
1573 2890 1625 2924 bi-

119 2940 308 2975 bliothecae
333 2941 552 2975 Bodleianae
578 2939 767 2985 (1858185)
789 2940 845 2983 II,
867 2951 908 2984 p.
928 2941 996 2976 150
1008 2951 1059 2984 sq.
