2008 3302
0 620 29 709 ’ἦ
71 671 91 704 s
113 652 203 699 vita
241 653 355 697 hunc
393 654 599 698 mundum
639 668 734 698 cum
772 653 980 697 illecebris
1019 653 1123 708 suis,
1165 653 1332 698 deliciis
1373 653 1620 710 divitiisque

398 291 567 338 IONAS,
585 291 748 328 VITAE
774 291 1081 329 OOLUMBANI
1107 292 1252 330 LIBRI
1277 292 1329 330 11.
1572 296 1617 332 81

114 414 330 470 compositi
374 414 550 458 minime
596 414 686 458 noti
727 419 838 469 sunt,
884 415 960 458 sed
998 419 1146 459 extant
1184 414 1390 471 epistulae
1429 415 1619 459 versibus

113 474 369 519 hexametris
398 475 462 518 vel
488 474 677 518 Adoniis
707 474 814 518 satis
844 475 1058 530 eleyanter
1088 475 1294 529 conditae,
1327 474 1480 530 quibus
1510 475 1619 519 anti·

113 547 290 591 quorum
317 538 543 588 poetarum
574 534 774 587 flosculos
803 533 974 589 passim
1004 534 1200 578 inteaeuit.
1271 534 1529 578 Doctrinam
1570 535 1619 579 in

113 593 171 638 iis
215 593 502 638 Columbanus
539 595 770 648 profitetur
808 608 973 650 semper
1012 595 1210 648 eandem,
1259 594 1418 638 scilicet
1456 595 1620 639 labente

113 712 243 758 nihili
281 713 593 757 aestimandum
634 727 722 756 esse
735 713 762 767 1,
795 717 1049 768 poetamque
1083 713 1256 757 Fidelio
1296 713 1432 767 fratri
1470 714 1619 758 rescri-

113 773 271 819 bentem
301 773 571 828 versibusque
601 773 810 816 ludentem
841 774 902 816 ad
919 777 1152 816 eoetremam
1172 772 1352 817 crevisse
1371 778 1619 818 senectutem

113 831 203 877 iam
232 831 340 876 dixi.
404 833 574 876 Novum
603 833 717 887 quod
745 846 882 887 nuper
910 832 961 876 in
988 832 1209 887 publicum
1241 832 1409 887 prodiit
1447 848 1620 877 carmen

111 905 227 937 more
257 892 519 936 celeusmatis
549 892 721 947 antiqui
749 892 815 936 ita
845 892 1128 948 compositum,
1159 896 1207 936 ut
1236 893 1377 936 eodem
1397 894 1518 936 modo
1539 907 1619 948 quo

52 969 91 1001 ιο
113 955 270 997 nautae
310 953 370 996 ad
407 951 687 996 resistendum
723 952 930 1008 procellis
968 952 1254 1007 imbribusque
1293 967 1381 996 sese
1421 953 1619 997 adhorta-

113 1013 271 1057 bantur
300 1016 340 1055 et
370 1012 602 1056 christiani
631 1013 717 1066 side
747 1013 880 1066 firma
910 1011 1079 1056 diabolo
1118 1012 1363 1056 resisterent
1400 1012 1619 1069 ipsumque

12 1066 37 1121 ⁷,
111 1076 375 1126 superarent,
406 1071 549 1116 vivido
580 1072 775 1116 certandi
815 1073 972 1116 ardore
1010 1071 1214 1115 dictatum
1256 1076 1316 1115 est
1355 1074 1408 1116 ab
1449 1073 1620 1116 homine

4 1176 5 1181 ,
35 1135 37 1140 ’
104 1130 314 1198 periculis
335 1131 484 1187 pelaqi
515 1136 692 1186 assuet0,
725 1136 764 1175 et
795 1131 890 1176 licet
920 1146 1072 1176 nomen
1094 1136 1246 1186 poetae
1266 1132 1448 1186 exceptis
1468 1132 1620 1176 litteris

12 1182 15 1241 f
43 1215 45 1219 Α
113 1191 262 1235 banus
293 1190 385 1235 iam
415 1191 649 1235 abscissum
679 1191 747 1245 sit,
780 1195 923 1235 tamen
953 1192 1097 1235 nullus
1137 1191 1293 1245 dubito,
1335 1192 1441 1246 quin
1479 1192 1591 1236 idem
1604 1194 1620 1220 ²

51 1266 88 1305 μ
112 1249 169 1294 sit
218 1250 294 1317 qui
344 1251 394 1294 in
445 1251 627 1306 epistula
677 1253 738 1294 ad
785 1251 1070 1305 Bonifacium
1120 1251 1346 1306 scripsit3:
1397 1252 1617 1308 Vigilate,

111 1309 264 1365 inquit,
298 1311 408 1367 quia
438 1326 565 1354 mare
597 1312 906 1368 procellosum
939 1314 1009 1355 est
1041 1315 1089 1355 et
1121 1312 1278 1354 flabris
1321 1315 1620 1368 exasperatur

111 1369 357 1423 feralibus;
400 1371 506 1414 ideo
538 1372 688 1415 audeo
720 1372 912 1414 timidus
955 1374 1099 1414 nauta
1141 1371 1363 1414 clamare:
1398 1372 1617 1428 Vigilate,

112 1430 222 1486 quia
261 1444 382 1486 aqua,
427 1431 519 1474 iam
561 1431 756 1474 intravit
802 1432 852 1473 in
898 1431 1119 1474 ecclesiae
1166 1445 1344 1482 navem,
1394 1434 1442 1474 et
1488 1433 1619 1475 navis

111 1490 417 1547 periclitatur.
493 1490 570 1533 Ea:
620 1490 1010 1534 commemoratione
1050 1489 1202 1535 ‚Rheni
1246 1491 1431 1543 fortasse
1482 1491 1621 1535 conici

22 1573 35 1581 ν·
51 1564 89 1598 ρο
111 1548 207 1594 licet
226 1563 382 1605 poema
412 1565 455 1594 a.
489 1555 590 1593 611.
623 1550 839 1594 conditum
870 1564 970 1603 esse,
1002 1563 1084 1605 quo
1115 1564 1166 1593 ecc
1202 1549 1459 1594 Theuderici
1488 1565 1620 1605 reyno

110 1608 308 1664 expulsus
351 1610 515 1662 flumen
560 1610 672 1653 illud
717 1610 1002 1654 Columbanus
1041 1609 1288 1665 naviyabat.
1357 1609 1618 1654 Bellatorem

110 1682 204 1720 eam
241 1669 650 1713 vehementissimum
696 1670 833 1723 fuisse
878 1684 931 1713 ex
969 1669 1161 1724 epistulis
1201 1684 1310 1724 quas
1354 1684 1489 1724 supra
1520 1685 1618 1725 per-

20 1735 69 1786 ξ
110 1727 291 1773 lustravi
320 1729 591 1785 intelleqitur.
663 1730 906 1773 Dolendum
945 1734 1086 1773 autem
1125 1734 1186 1772 est
1224 1744 1428 1784 maynam
1469 1744 1616 1773 earum

24 1791 34 1843 'j
102 1793 272 1843 partem
299 1788 473 1833 iniuria
503 1794 734 1844 temporum
756 1789 956 1845 periisse.
1019 1790 1094 1832 Ad
1130 1789 1386 1844 Greqorium
1418 1791 1488 1833 M.
1530 1805 1618 1834 non

22 1863 32 1866 ·
49 1863 86 1899 σε
109 1848 244 1892 solum
273 1862 382 1903 quae
411 1854 600 1904 superest
630 1849 803 1904 scripsit
833 1849 1069 1904 epistulam,
1103 1849 1152 1892 in
1182 1863 1269 1904 qua
1299 1849 1391 1892 eius
1424 1850 1617 1905 reyulam

103 1909 364 1962 pastoralem
394 1923 438 1952 se
469 1909 617 1964 leqisse
643 1910 853 1963 affirmat,
887 1911 962 1953 sed
981 1909 1109 1953 etiam
1131 1909 1303 1964 scripta,
1327 1909 1366 1953 si
1387 1909 1617 1964 bioqrapho

110 1967 399 2024 Salaberyae4
429 1969 547 2012 credi
577 1970 650 2023 fas
681 1973 752 2023 est,
785 1969 912 2023 dedit,
947 1968 1068 2024 ‘quae
1089 1971 1140 2013 de
1162 1969 1370 2024 perviyili
1393 1974 1618 2023 pastorum

109 2041 214 2072 cura
259 2027 405 2072 elicuit
414 2029 438 2083 ',
482 2029 626 2084 *atque
671 2029 801 2072 etiam
839 2043 1086 2084 responsum
1124 2043 1270 2083 papae
1310 2028 1422 2072 idem
1468 2034 1618 2073 auctor

108 2086 257 2142 leyisse
286 2088 387 2132 vult.
439 2089 673 2132 Praeterea
704 2090 921 2143 complura
946 2088 1084 2143 ipsius
1115 2090 1165 2132 de
1188 2089 1394 2144 paschate
1415 2088 1575 2143 scripta
1588 2089 1615 2143 ⁵,

49 2215 86 2243 00
111 2205 146 2250 1)
175 2204 386 2240 columbam·
408 2207 577 2240 carmina
602 2206 652 2242 ed.
678 2206 733 2242 W.
762 2206 964 2249 Gundlach,
989 2206 1078 2242 ΜΘ.
1104 2206 1174 2250 ΕΡ.
1201 2206 1275 2249 III,
1297 2217 1337 2250 p.
1358 2207 1427 2242 182
1439 2217 1526 2250 sqq„
1555 2207 1620 2251 qui

111 2252 156 2287 G.
171 2252 331 2288 Hertelti
344 2254 600 2288 dubitationem
617 2254 658 2287 de
676 2257 820 2288 auctore
838 2254 918 2288 bene
934 2254 1109 2296 refellisse
1126 2254 1220 2288 mihi
1239 2255 1390 2298 videtur,
1417 2254 1474 2290 ‘N.
1493 2254 1617 2290 Arch!

30 2295 31 2298 ¹
107 2299 196 2343 XV,
215 2311 255 2346 p.
279 2302 351 2338 514
362 2312 436 2346 sqq.
487 2301 695 2344 Artificium
724 2305 849 2345 poetae
882 2303 1105 2335 eaeaminavit
1139 2302 1330 2345 Manitius,
1363 2302 1433 2336 ‘Zu
1468 2305 1618 2347 spdtern

30 2351 37 2375 Ξ
109 2348 337 2383 lateinischen
377 2349 561 2383 Dichtern'
602 2351 631 2392 (‘
632 2349 864 2384 Rheinisches
900 2349 1076 2384 Museum’
1113 2351 1217 2393 1889,
1256 2350 1400 2393 XLIV,
1436 2361 1476 2394 p.
1503 2352 1617 2391 552),-

109 2395 244 2433 ‘Gesch.
281 2397 346 2434 der
378 2397 589 2432 christlich-
599 2397 831 2432 lateinischen
864 2396 995 2432 Poesie’
1020 2409 1060 2442 p.
1087 2399 1158 2434 390
1169 2409 1243 2443 sqq.
1389 2397 1427 2443 2)
1464 2398 1617 2432 Carmen

49 2452 85 2481 ⁸5
107 2442 153 2480 Ε.
178 2444 379 2488 Βιῖηηηῑεν,
416 2445 476 2482 ‘N.
502 2445 627 2482 Ανσῆ.1
656 2445 719 2489 VI,
746 2447 826 2489 191,
857 2447 1030 2490 princeps
1063 2446 1184 2489 edidit,
1221 2448 1284 2490 qui
1319 2446 1362 2479 de
1399 2445 1618 2480 Columbano

227 2503 262 2526 m
295 2494 436 2528 iuniore
468 2494 644 2538 coqitavit,
677 2498 718 2528 at
750 2503 885 2528 mecum
908 2495 1067 2528 convenit
1090 2493 1144 2529 W.
1173 2494 1377 2537 Gundlach,
1403 2494 1463 2530 ‘.N
1491 2494 1617 2530 ΑνοΙι.1

156 2539 198 2584 V,
216 2541 297 2577 514.
371 2540 408 2587 3)
434 2541 523 2577 ΜΘ.
539 2542 610 2585 Ep.
627 2541 703 2583 III,
725 2553 765 2586 p.
786 2543 866 2578 170.
939 2542 1024 2586 4)1
1040 2570 1048 2577 .
1025 2541 1282 2586 Salaberqae
1307 2552 1334 2578 c.
1352 2543 1385 2577 3.
1460 2543 1497 2585 5)
1526 2542 1618 2586 Epi-

108 2587 242 2623 statam
262 2588 470 2633 paschalem
486 2590 535 2623 ad
559 2589 790 2624 venerabilem
811 2600 950 2633 papam
976 2591 1153 2633 quendam
1177 2590 1313 2633 datam,
1339 2600 1447 2633 quam
1472 2600 1488 2623 e
1505 2590 1617 2624 codice

108 2634 311 2670 Par-:sionei
332 2647 368 2674 n.
389 2638 432 2673 16
440 2639 521 2674 361.
548 2641 687 2671 erutam
711 2639 888 2672 sermonis
911 2639 1051 2671 ratione
1076 2638 1204 2672 habita
1222 2637 1439 2672 Columbano
1463 2638 1620 2671 attribui

49 2690 86 2718 ⁴0
109 2683 188 2726 (‘N.
205 2683 329 2719 Arch!
346 2684 395 2728 X,
412 2686 488 2727 88),
515 2687 664 2730 meisque
688 2687 910 2729 aryumentis
930 2685 1093 2719 seductus
1115 2685 1170 2721 W.
1192 2685 1381 2719 Gundlach
1402 2687 1497 2719 inter
1518 2685 1617 2718 iuius

53 2765 57 2772 ,
109 2732 245 2776 scripta
278 2732 424 2767 admisit
457 2733 564 2775 (ΜΘ.
583 2733 654 2778 Ep.
671 2733 748 2777 III,
769 2735 835 2770 177
849 2735 953 2777 sqq.,)
989 2744 1029 2767 re
1053 2734 1182 2768 iterum
1209 2743 1401 2778 pei-,pensa
1435 2744 1511 2766 cum
1539 2732 1617 2767 See-

109 2777 226 2814 bassio
261 2784 278 2822 (
280 2779 463 2816 ‘Zeitsclm
498 2781 529 2823 f.
564 2781 854 2824 Kirchenyesch!
878 2781 988 2824 XIV,
1012 2783 1076 2822 93)
1113 2783 1188 2815 iam
1224 2782 1400 2815 consentio
1431 2781 1556 2824 potius
1593 2790 1616 2813 a

108 2829 277 2862 sectatore
299 2828 449 2862 Victorii
470 2830 700 2874 compositam
724 2838 807 2871 esse,
841 2830 971 2873 quippe
1004 2830 1069 2874 qui
1100 2829 1376 2862 immolationem
1403 2829 1503 2871 ayni,
1538 2829 1562 2863 i.
1587 2838 1615 2863 e.

49 2884 208 2957 “saffo
202 2876 307 2909 'onem
329 2876 489 2919 Domini,
517 2880 598 2910 ante
622 2877 748 2910 lunam
765 2876 872 2912 XIV.
898 2876 1040 2920 ideoque
1064 2879 1357 2912 resurrectionem
1384 2879 1466 2909 ante
1491 2876 1616 2910 lunam

155 2922 215 2957 VI.
248 2933 321 2957 non
348 2934 483 2967 passus
517 2925 565 2958 sit
598 2924 710 2959 celebr
711 2925 783 2966 ari,
818 2925 1065 2958 auctoritatem
1098 2925 1192 2958 sedis
1225 2924 1441 2967 apostolicae
1466 2927 1614 2959 secutus.

109 2967 244 3004 Eadem
276 2975 433 3006 monente
458 2972 636 3006 Seebassio
660 2971 834 3015 (ΗΜ-209,
860 2971 985 3006 ‘Real-
996 2971 1275 3016 Encylclopddie'
1293 2971 1363 3013 IV,
1382 2972 1451 3007 246
1462 2970 1491 3014 ³)
1523 2972 1617 3005 inter

1643 2043 1688 2077 *μ
1699 2044 1743 2072 20.
