2008 3302
367 266 535 312 IONAS,
555 266 717 303 VITAE
743 254 1051 303 COLUMBANI
1077 265 1220 302 LIBRI
1245 265 1298 303 11.
1519 267 1588 302 143

4 423 14 445 Ἄ
224 389 412 444 Auyusti
447 393 543 432 tom.
570 389 670 443 III,
712 389 976 444 Antverpiae
1013 393 1138 444 1737,
1175 404 1219 443 p.
1245 392 1503 442 752—753‚
1537 389 1586 431 V.

81 449 268 503 Bertulfi
301 447 392 502 (II,
417 449 496 504 23)
544 450 597 493 G.
637 450 829 504 Cuperus
869 451 927 492 ad
967 449 1203 503 ‘antiquum
1234 448 1382 492 Musei
1416 448 1589 491 Bollan-

82 508 310 555 dianorum
351 509 544 563 codicem,
586 509 661 563 qui
699 509 899 564 siynatur
940 507 977 563 ‘†
1015 509 1104 552 Ms.
1140 509 1210 550 86'
1254 507 1397 560 (nobis
1437 509 1481 551 A
1501 509 1587 564 lb),

81 568 233 623 edidit,
286 568 407 612 cuius
456 570 612 612 menda
663 583 737 624 ope
796 568 998 612 editionis
1049 568 1398 611 Mabillonianae
1448 569 1591 611 tollere

47 627 59 639 “’
82 632 257 675 conatus
285 633 358 672 est.

8 684 14 707 ³
43 706 49 709 ⁸
230 688 422 732 Octobris
452 693 547 732 tom.
575 689 665 742 IX,
708 687 902 732 Parisiis
940 692 1063 742 1869,
1094 703 1137 742 p.
1166 692 1266 742 617,
1298 688 1591 731 Beniaminus

32 766 42 803 νὴ
80 747 245 792 Bossue
266 748 535 804 principium
568 763 601 791 c.
626 753 695 790 25.
729 747 832 791 libri
860 748 931 790 II.
965 749 1025 791 ad
1054 748 1303 791 Meroveum
1335 748 1589 791 monachum

8 810 14 850 ξ
81 811 274 864 spectans
304 823 326 852 e
357 808 496 852 codice
527 808 571 851 A
593 809 641 851 lb
674 808 866 851 oratione
889 807 1157 863 primiyenia
1189 808 1384 851 restituta
1418 808 1591 862 primus

20 867 240 951 {publici
269 867 343 911 iur
342 868 383 911 is
413 867 528 921 fecit.

224 928 265 971 Ι
291 928 350 971 M
356 928 472 971 abzl
482 929 591 982 lon
625 928 738 971 Acta
762 932 1006 971 sanctorum
1033 929 1124 971 ord.
1150 928 1195 971 S.
1218 927 1455 982 Benedicti,
1491 928 1590 971 Sae-

82 988 220 1032 ciclum
244 988 315 1042 II,
349 987 540 1031 Parisiis
571 992 695 1040 1669,
729 992 858 1030 totum
890 988 1027 1031 Ionae
1059 1002 1163 1042 opus
1192 987 1242 1030 in
1265 992 1416 1042 partes
1447 987 1590 1030 distri-

17 1032 50 1103 ᾗ
81 1048 224 1092 batum
253 1047 398 1102 edidit,
431 1047 590 1091 codices
621 1048 830 1092 adhibens
860 1047 1050 1091 melioris
1081 1052 1204 1091 notae
1235 1049 1387 1090 nullos.

224 1119 277 1164 P.
302 1124 399 1162 5—
409 1124 479 1164 29.
513 1121 561 1163 V
603 1119 899 1164 Columbani‘
901 1135 994 1163 cum
1026 1120 1209 1163 diversis
1240 1119 1464 1163 codicibus'
1497 1135 1588 1164 con·

14 1199 24 1214 -·
81 1179 188 1235 uelit,
230 1194 252 1224 e
291 1180 444 1235 quibus
480 1184 564 1223 tres
595 1180 747 1234 attulit,
790 1180 949 1223 scilicet
987 1180 1358 1234 Compendiensem
1392 1178 1456 1232 (A
1474 1185 1531 1222 2α
1534 1180 1588 1236 ),

64 1239 389 1294 =Gonchensem,
433 1241 858 1295 Sanyermanensem,
907 1240 1118 1294 triumque
1164 1240 1350 1283 codicum
1395 1240 1590 1283 lectiones

81 1299 130 1344 in
159 1299 297 1355 ipsius
328 1304 442 1343 textu
473 1300 856 1355 deprehenduntur.
911 1300 1235 1353 Praefationem
1265 1297 1326 1353 (I,
1357 1301 1400 1355 1)
1428 1314 1589 1343 versus-

17 1370 19 1375 “
58 1372 159 1416 que
213 1361 420 1404 barbaros
476 1357 538 1414 (I,
573 1361 621 1415 2)
678 1361 738 1402 ad
781 1360 938 1403 librum
988 1359 1189 1413 familiae
1236 1360 1590 1414 Rothomayensis

83 1417 148 1473 (A
165 1420 300 1476 2b229
352 1419 582 1472 manifesto
634 1420 893 1474 depravavit,
947 1434 1028 1474 quo
1079 1419 1275 1474 deinceps
1317 1419 1589 1474 potissimum

16 1509 19 1515 ·
53 1486 183 1524 ssusus
203 1484 265 1523 est
270 1495 288 1535 ,·
317 1479 540 1534 epistulam
560 1494 669 1534 vero,
696 1494 804 1534 quae
824 1479 925 1523 huic
945 1482 1100 1532 deerat,
1133 1481 1193 1522 ad
1218 1479 1589 1533 Compendiensem

18 1545 23 1583 J
83 1537 148 1594 (A
164 1540 264 1596 2a')
296 1544 336 1583 et
373 1539 691 1583 Cisterciensem
723 1539 789 1593 (A
807 1539 898 1594 2c1)
931 1539 1152 1593 recensuit,
1194 1553 1372 1594 quorum
1408 1539 1590 1594 vestiyia

53 1599 209 1644 aetiam
237 1600 289 1643 in
318 1599 480 1653 reliquo
511 1599 620 1643 libro
651 1604 861 1654 apparent
872 1600 900 1641 1.
963 1600 1195 1643 Praeterea
1230 1599 1280 1642 in
1311 1599 1423 1642 notis
1454 1599 1590 1642 aliam

21 1676 25 1715 j
54 1666 58 1667 ’
88 1659 339 1704 Columbani
372 1660 504 1702 vitam
536 1659 703 1703 brevius
743 1661 796 1703 ab
837 1674 1050 1715 anonymo
1085 1661 1266 1714 quodam
1307 1659 1589 1713 conscriptam

20 1717 23 1720 ⁴
70 1731 401 1774 *ennumquam
432 1720 581 1763 citavit
609 1734 695 1774 pro
731 1719 1002 1763 narrationis
1033 1719 1353 1774 opportunitate,
1395 1724 1442 1762 ut
1472 1734 1589 1763 voca-

83 1779 180 1824 bula
201 1780 448 1824 obscuriora
470 1780 607 1823 Ionae
627 1779 983 1835 interpretaretur
1003 1785 1079 1823 aut
1097 1780 1232 1823 solam
1254 1779 1590 1834 discrepantiam

81 1839 195 1883 inter
238 1844 462 1894 utrumque
509 1844 721 1883 auctorem
767 1844 945 1883 notaret.
1013 1840 1214 1883 Eandem
1261 1841 1388 1883 codex
1434 1839 1589 1882 Pari-

42 1923 53 1938 ι
82 1899 328 1943 siensis
378 1915 422 1943 n.
462 1905 623 1954 11759,
688 1899 789 1942 olim
843 1900 1254 1954 Sanyermanensis‚
1305 1914 1413 1942 saec.
1450 1900 1586 1952 XIV,

47 1960 158 2014 fol.
192 1959 479 2014 234‘——‘,238
528 1959 712 2003 continet
750 1959 1024 2014 incipientem
1063 1960 1152 2003 ita:
1193 1961 1366 2003 Beatus
1408 1960 1589 2002 Colum-

46 2020 244 2072 banus,
286 2021 366 2076 qui
405 2021 454 2062 in
495 2034 638 2077 regno
682 2021 1066 2076 Burgundionum
1118 2020 1445 2064 monasterium
1487 2021 1589 2061 fun-

37 2073 66 2122 δε
85 2080 225 2131 davit,
257 2081 382 2136 quod
404 2080 661 2123 Luxovium
687 2081 871 2131 dicitur
906 2081 1146 2136 Hybernia
1171 2095 1259 2136 que
1287 2083 1357 2122 est]
1384 2083 1590 2123 extrema

83 2139 289 2184 occeani
318 2141 473 2182 insula
508 2142 638 2182 ortus
669 2141 776 2182 fuit.
841 2140 988 2192 Quem
1031 2154 1133 2183 cum
1172 2142 1321 2183 mater
1353 2143 1486 2182 ubero
1518 2154 1589 2195 ge-
1617 2153 1632 2171 ⁸
1712 2172 1720 2180 .

47 2203 242 2253 ·staret,
285 2215 367 2256 per
405 2201 628 2243 visionem
670 2201 788 2242 vidit
829 2204 867 2243 et
897 2214 935 2254 q.
968 2214 1003 2241 s
1066 2200 1230 2242 Auctor
1259 2199 1331 2242 ille
1374 2200 1591 2255 exemplar

47 2259 340 2335 petractavit,
381 2261 494 2314 quod
523 2262 582 2302 ad
617 2260 792 2302 classem
823 2260 866 2301 A
899 2259 1155 2314 pertinebat,
1197 2274 1289 2302 cum
1320 2260 1589 2303 vicesimum

48 2304 222 2364 ietatis
254 2334 335 2363 sue
357 2334 531 2362 annum
555 2317 615 2373 (I,
640 2321 688 2375 4)
721 2319 950 2373 scripserit,
984 2324 1109 2374 atque
1128 2321 1240 2374 quod
1261 2320 1590 2363 Childeberbus

84 2393 164 2424 rex
196 2380 479 2423 Francorum
511 2380 646 2422 locum
678 2379 882 2434 Siyiberti
915 2380 977 2432 (Ι,
998 2380 1046 2433 6)
1088 2380 1205 2434 apud
1232 2379 1372 2434 ipsum
1403 2383 1588 2434 occupat,

84 2437 147 2482 ita
171 2443 306 2483 textus
336 2439 385 2482 in
416 2439 628 2482 codicibus
659 2440 702 2482 A
720 2445 745 2481 3
777 2439 1025 2483 immutatus
1055 2444 1125 2482 est.

228 2499 282 2542 P.
309 2503 564 2542 123—127.
608 2500 657 2542 V.
690 2500 876 2542 Athalae
917 2498 981 2543 ‘ex
1027 2499 1312 2555 Chronoloyia
1343 2499 1588 2553 Lerinensi,

44 2543 74 2590 ’Β
87 2559 358 2604 Henschenio
406 2563 444 2602 et
489 2560 606 2602 codd.
654 2560 767 2602 mss.’
814 2561 960 2613 edens,
1013 2559 1218 2614 inprimis
1271 2559 1591 2603 Gisterciensem

67 2616 167 2670 .(=
198 2620 241 2662 A
259 2619 350 2674 2c1)
391 2623 556 2662 secutus
594 2619 760 2662 videtur
790 2634 889 2673 esse,
938 2620 1012 2662 sed
1050 2620 1238 2663 codicum
1278 2633 1437 2674 quoque
1475 2618 1591 2662 Com-

55 2679 59 2684 ”
80 2679 331 2735 pendiensis
364 2677 429 2731 (A
446 2677 541 2733 2a‘)
574 2683 614 2722 et
642 2679 954 2736 Reyniacensis
985 2680 1182 2723 lectiones
1212 2679 1445 2722 adnotavit.

36 2731 73 2793 ii
230 2751 282 2794 P.
310 2756 391 2794 116
406 2755 566 2793 -123,
598 2751 647 2793 V.
670 2751 868 2794 Eustasii
900 2750 972 2794 ‘ad
1000 2766 1097 2794 mss.
1126 2753 1242 2795 codd.
1274 2750 1591 2795 Cisterciensem

90 2809 168 2866 (=
200 2812 243 2854 A
261 2811 352 2866 201)
386 2811 587 2865 aliosque'
620 2812 861 2854 emendasse
892 2811 976 2854 sibi
1006 2811 1124 2854 visus
1155 2815 1227 2854 est.

92 2954 127 2997 l)
154 2952 208 2996 Cf.
236 2953 295 2989 ‘N.
322 2953 432 2989 Arch.
459 2953 605 2995 XXIX,
628 2963 667 2996 p.
685 2954 755 2988 449
768 2963 819 2996 sq.
