2008 3302
385 291 433 326 64
671 285 840 331 IONAS,
859 283 1019 321 VITAE
1045 281 1352 319 OOLUMBANI
1376 281 1522 318 LIBRI
1546 281 1599 318 II.

529 410 573 452 A
599 407 688 463 la'‘)
722 407 862 451 Codes:
886 403 1297 449 Londiniensis
1322 403 1470 447 Musei
1493 402 1752 446 Britannici
1773 402 1889 446 inter

386 469 535 512 Addit.
567 482 666 510 mss.
699 482 741 510 n.
770 470 927 520 10933,
965 479 1073 508 saec.
1100 464 1206 517 XV,
1239 464 1314 516 fol.
1341 466 1596 516 llo—120,
1639 463 1688 506 V.
1728 461 1888 506 Colum·

387 528 490 571 bani
519 542 610 570 una
641 541 735 569 cum
771 525 953 580 epistula
989 529 1029 568 et
1058 523 1260 567 laterculo
1292 522 1478 577 capitum
1507 523 1583 565 sed
1612 523 1767 576 absque
1797 534 1888 565 car·

385 587 574 630 minibus
595 586 788 640 eontinet,
822 584 1086 639 sinyulisque
1107 583 1311 639 partibus
1334 581 1608 636 praescripta
1637 580 1889 635 subscripta·

386 662 464 701 que
494 650 594 689 sunt
623 646 750 689 haee:
1912 654 1930 682 ο

447 720 622 775 Incipit
653 718 871 775 prologus
902 718 951 760 in
976 717 1116 759 vitam
1150 715 1299 758 sancti
1323 713 1599 757 Columbani
1624 712 1806 756 abbatis
1830 732 1891 742 -·

507 778 712 835 Explicit
743 778 975 834 prologus.

449 839 690 954 Ingiiglilllisst
721 837 928 894 capitula
958 860 1017 865 —
1051 832 1156 887 (des.
1189 834 1237 877 in
1270 847 1302 877 c.
1327 834 1419 889 29).
1485 832 1690 888 Expliciiz
1727 831 1784 874 de
1821 844 1890 874 ca-

449 958 624 1014 Incipit
662 958 760 1000 vita
798 956 948 999 sancfii
980 954 1259 998 columbani
1299 967 1326 995 a
1364 953 1480 995 Iona
1519 951 1752 1008 quondam
1794 963 1891 1007 pre·
1917 964 1951 991 10
2002 978 2008 1008 ὲ

509 1019 695 1119 Σίἷΐὲῖιέἓ
742 1016 870 1059 edita
914 1038 973 1043 —
1021 1014 1224 1070 Explicit
1271 1013 1367 1055 vita
1415 1011 1568 1054 'sancti
1616 1009 1892 1054 Oolumbani

396 1140 552 1195 Capita
592 1139 782 1183 numeris
821 1138 989 1193 quidem
1030 1137 1233 1181 distincta
1271 1141 1382 1190 sunt,
1424 1136 1499 1178 sed
1529 1133 1893 1191 praescriptiones

390 1200 702 1244 desiderantur.
766 1200 922 1242 Versus
954 1197 1132 1241 barbari
1162 1211 1195 1240 c.
1219 1200 1260 1240 2.
1293 1196 1342 1239 in
1378 1196 1454 1239 hoc
1484 1194 1592 1238 libro
1631 1194 1696 1237 ita
1728 1197 1893 1248 pertur-

391 1260 479 1304 bati
510 1260 707 1314 leyuntur
737 1258 846 1302 sicut
875 1258 926 1301 in
955 1257 1133 1312 reliquis
1156 1256 1328 1311 primae
1359 1254 1510 1298 classis
1539 1253 1774 1298 codicibus:
1919 1267 1952 1293 ιε

451 1347 488 1374 v.
513 1337 553 1373 3.
586 1335 627 1372 4.
661 1332 742 1373 lux
781 1331 1010 1373 undarum
1052 1330 1101 1372 in
1140 1329 1365 1371 immanes
1407 1350 1464 1355 —
1504 1349 1563 1355 —
1602 1325 1806 1369 latebras
1846 1326 1894 1368 et

512 1392 727 1434 occiduas
761 1414 816 1419 —
851 1413 906 1418 —
939 1390 988 1431 in
1019 1389 1218 1440 umbras,

391 1456 515 1506 atque
546 1451 797 1505 plerumque
836 1448 1032 1492 lectiones
1071 1448 1163 1490 eius
1194 1462 1286 1490 cum
1318 1446 1361 1488 A
1387 1443 1470 1489 la*.
1503 1441 1565 1488 a‘*
1596 1449 1636 1488 et
1665 1447 1896 1488 correctore

392 1510 548 1554 codicis
579 1510 621 1552 A
648 1514 702 1552 la
733 1508 1011 1552 conveniunt:
1296 1530 1300 1533 -

453 1597 486 1626 c.
514 1586 581 1624 17.
615 1595 679 1624 ex.
713 1581 800 1624 Oui
833 1577 912 1636 sic]
949 1580 1203 1633 Quomodo,
1920 1589 1955 1615 πο

453 1657 487 1685 e.
511 1646 581 1684 20.
615 1642 734 1683 Nam
767 1644 814 1684 et
846 1641 936 1682 hiis
968 1653 1112 1695 usque
1145 1638 1374 1695 perduxit.
1421 1637 1545 1679 inter
1575 1649 1689 1692 quos
1721 1635 1895 1692 primus

679 1701 1010 1756 Ragamundus
1043 1701 1156 1742 erat.
1210 1697 1301 1750 Qui
1334 1711 1439 1739 cum
1469 1711 1562 1748 un„

454 1776 487 1804 c.
511 1765 581 1803 22.
615 1757 708 1816 filo]
743 1761 902 1811 chilos‚

497 1820 554 1863 ib.
615 1821 862 1863 excubasse
895 1815 1099 1874 exubias]
1134 1817 1351 1861 excubias
1382 1816 1568 1859 redisse.

393 1879 627 1923 Librarius
674 1881 773 1922 dum
811 1878 1134 1933 Ohaynoaldum
1180 1877 1229 1919 in
1260 1876 1576 1930 Maynoaldum
1623 1888 1656 1917 c.
1690 1877 1761 1916 27.
1802 1885 1897 1916 cum
1921 1886 1957 1913 2⁵

393 1941 435 1982 A
450 1937 535 1982 la**
568 1943 606 1982 et
636 1952 745 1982 corr.
769 1938 880 1980 Ala
910 1941 1056 1991 mutat,
1081 1940 1308 1991 praeterea
1332 1934 1471 1989 mayis
1496 1947 1590 1978 cum
1610 1933 1654 1976 A
1670 1930 1772 1976 1α*’*
1805 1946 1896 1976 con-

394 2001 572 2043 cordare
591 1998 760 2041 videtur
774 2012 901 2052 quam
924 2012 1016 2040 cum
1037 1995 1216 2050 reliquis
1236 1996 1428 2049 solusque
1445 2009 1479 2037 c.
1495 1998 1562 2036 17.
1581 1994 1895 2050 egredientem

392 2059 557 2102 exhibet
579 2072 664 2113 pro
697 2060 956 2102 exeuntem.

537 2130 580 2172 A
606 2128 678 2184 lb)
718 2129 858 2173 Codex
888 2126 1288 2171 Bruxeliensis
1319 2140 1361 2169 n.
1386 2127 1653 2178 8518—20,
1694 2137 1800 2167 saec.
1837 2100 1910 2177 X.

394 2194 522 2233 antea
563 2188 926 2243 Molsheimensis,
969 2193 1057 2231 tum
1097 2186 1245 2230 Musei
1284 2184 1678 2229 Bollandianorum
1718 2183 1897 2226 Antver·
1922 2194 1958 2222 ω
2000 2199 2008 2219 ·.

385 2249 555 2304 piensis
588 2247 644 2303 (†
664 2263 740 2292 ms,
765 2248 858 2302 86),
893 2248 1077 2291 continet

537 2322 613 2374 fol.
641 2325 723 2362 1—
737 2321 821 2363 33‘.
866 2321 913 2363 V.
954 2318 1206 2362 Columbani
1237 2332 1330 2361 cum
1361 2315 1627 2360 carminibus
1656 2313 1782 2358 initio
1811 2327 1897 2356 mu-

395 2380 528 2434 tilam,
571 2394 663 2422 cum
695 2381 855 2422 duobus
894 2378 1246 2433 quaternionibus
1278 2375 1506 2431 deperditis
1536 2378 1672 2418 textus
1702 2388 1731 2417 a
1761 2371 1900 2416 verbis

398 2437 622 2496 [ve]hunt.
686 2440 750 2481 Ab
787 2439 868 2482 ille
901 2453 982 2481 cur
1012 2439 1165 2493 inquit
1198 2436 1253 2490 (c.
1281 2437 1356 2493 11)
1397 2434 1581 2490 incipiat
1619 2447 1751 2487 neque
1790 2446 1899 2486 quae

394 2498 522 2542 initio
553 2503 700 2541 extant
728 2498 838 2550 folia
870 2499 970 2540 bene
1001 2500 1248 2540 conservata
1278 2495 1377 2549 sint,
1923 2501 1958 2532 ου

539 2558 613 2611 fol.
638 2556 855 2600 33‘-43‘.
890 2557 939 2600 V.
971 2555 1169 2599 Eustasii
1201 2555 1287 2609 (II,
1313 2553 1490 2609 7—10),

456 2623 458 2626 ’
539 2618 613 2670 fol.
637 2618 767 2659 43¹—
780 2616 865 2659 58‘.
898 2617 947 2659 V.
979 2615 1348 2670 Buryundofarae
1381 2611 1473 2668 (II,
1501 2611 1718 2666 11—22),

539 2677 615 2730 fol.
640 2677 771 2719 58¹—
783 2681 852 2719 67.
895 2677 944 2719 V.
985 2675 1173 2728 Bertulfi
1220 2689 1313 2717 cum
1352 2672 1577 2716 miraculis
1614 2670 1899 2714 Bobiensibus

399 2735 491 2791 (II,
525 2740 754 2792 23—25)‚
800 2736 869 2779 eui
908 2737 1036 2779 verba
1076 2735 1263 2778 silentia,
1300 2757 1359 2762 —
1401 2734 1537 2776 corde
1578 2746 1650 2776 me
1693 2728 1786 2784 (II,
1817 2728 1897 2784 23)

398 2799 559 2851 desunt,
593 2811 686 2840 cum
717 2795 870 2850 folium
901 2795 1085 2838 excisum
1116 2794 1184 2837 sit.
1922 2801 1960 2828 ω

542 2867 677 2910 Libro
715 2866 851 2922 iyitur
891 2866 1017 2910 alteri
1054 2866 1146 2909 sola
1178 2866 1225 2908 V.
1261 2864 1445 2908 Athalae
1478 2861 1570 2918 (II,
1597 2867 1680 2906 1—
1692 2862 1740 2917 6)
1774 2862 1897 2905 deest.

543 2936 792 2994 Scripturae
822 2938 1030 2992 specimen
1061 2937 1177 2980 dedit
1206 2937 1382 2979 Lawlor
1413 2935 1494 2978 tab.
1528 2935 1576 2978 V.

1999 2220 2008 2243 ,-
1997 2134 2008 2189 -,,-,
1998 2075 2005 2124 -..a
1998 2028 2008 2067 ,ην
1990 1594 2008 2020 ΨΜ·
1992 1833 1994 1836 ”
1996 1575 2008 1588 t
1990 1417 2008 1563 Ἱκέτεω·
1996 1437 1998 1444 -
1994 1357 2008 1421 ‘'n-
2001 1334 2008 1347 ..
1996 1229 2008 1323 ..en-..0
