2008 3302
421 300 590 347 IONAS,
608 300 771 337 VITAE
798 300 1104 338 OOLUMBANI
1129 301 1275 338 LIBRI
1299 302 1352 340 11.
1595 309 1642 343 39

280 425 381 478 Ipso
413 426 577 467 sedente
607 424 937 476 Bertulfus¹
967 423 1099 468 vitam
1138 425 1378 480 reqularem
1417 425 1467 469 in
1497 440 1640 470 mona-

135 483 262 529 sterio
284 484 546 527 Luxoviensi
578 484 652 526 diu
683 483 798 538 deqit
826 483 895 526 vir
922 498 1075 538 ¹qenere
1105 484 1272 539 nobilis,
1305 485 1380 540 qui
1410 499 1462 529 ex
1489 486 1641 540 yentili

134 543 399 588 christianus
427 544 581 597 factus,
624 543 816 586 dimissis
845 544 970 586 rebus
1001 544 1206 598 omnibus,
1240 544 1422 598 Arnulfi
1452 545 1641 602 episcopi

133 603 360 647 Mettensis
390 603 698 658 consanquinei
728 602 908 657 vestiqia
933 602 1081 658 primo
1110 608 1275 647 secutus
1305 609 1411 648 erat.
1474 606 1640 649 Athala

4 654 25 669 ”
91 679 110 707 ⁶
133 667 272 707 autem
296 677 390 707 cum
414 677 466 706 eoe
487 662 624 706 Italia
649 663 867 717 profectus
886 662 1126 705 Luxovium
1148 665 1362 717 quondam
1387 664 1638 720 advenisset,

131 722 270 778 ipsum
299 723 458 766 socium
489 723 573 766 sibi
609 721 827 776 cooptavit,
869 735 1002 777 neque
1032 722 1265 766 Eustasius
1295 737 1543 767 consensum
1574 725 1639 768 de-

132 782 334 837 trectavit,
376 797 470 826 cum
510 781 832 826 concordissimi
872 785 921 824 ut
955 786 1080 826 erant
1111 782 1290 837 colleqae
1321 783 1526 827 subiectos
1555 784 1639 827 sibi

130 841 311 886 invicem
341 846 655 896 commutarent,
689 841 777 884 sive
796 841 867 885 hic
886 841 974 884 sive
997 841 1070 885 ille
1091 841 1428 885 desiderabatur.
1481 844 1639 887 Mona·

130 901 258 946 sterio
287 901 497 945 Bobiensi
525 901 616 944 iam
646 901 888 956 adscriptus
918 901 1147 954 Bertulfus
1178 906 1410 956 praecepta
1440 902 1639 958 maqistri

72 978 108 1006 ιο
130 966 218 1006 tam
247 966 416 1005 strenue
445 961 657 1018 implebat,
689 965 736 1004 ut
764 965 930 1004 mortuo
951 961 1117 1005 Athala
1138 965 1225 1004 tota
1255 962 1524 1018 conqreqatio
1546 977 1638 1006 con-

129 1035 257 1065 sensu
305 1021 514 1064 unanimo
560 1036 654 1064 eum
705 1021 754 1064 in
798 1025 1028 1075 paternam
1075 1021 1327 1076 diqnitatem
1376 1022 1636 1076 sublimaret,

20 1096 22 1101 ’
50 1117 54 1119 .
121 1081 394 1137 poimwmque
418 1095 469 1124 ea
489 1080 708 1125 occasione
729 1089 955 1124 conventus
974 1081 1044 1124 ius
1064 1081 1232 1124 abbatis
1252 1081 1437 1137 eliqendi
1459 1082 1638 1124 liberum

130 1141 366 1185 exercuisse
404 1141 584 1184 videtur.
647 1141 851 1183 Attamen
891 1141 1058 1184 Probus
1098 1141 1315 1195 episcopus
1354 1141 1640 1185 Dertonensis

24 1232 27 1233 ν
131 1201 319 1244 abbatem
352 1215 445 1244 cum
467 1200 725 1244 monasterio
750 1214 853 1244 suae
877 1200 1169 1244 iurisdictioni
1197 1202 1375 1244 subdere
1398 1201 1635 1255 intendem,

20 1291 31 1310 ,η
71 1276 106 1304 15
130 1275 176 1304 eo
207 1260 383 1304 consilio
415 1260 578 1304 aulicos
611 1260 918 1316 pontificesque
948 1260 1112 1303 vicinos
1151 1260 1236 1303 sibi
1267 1260 1521 1315 conciliavit,
1555 1275 1639 1316 per

128 1333 234 1375 quos
272 1319 570 1363 Ariowaldum
608 1334 747 1374 reqem
787 1320 1173 1374 Langobardorum
1220 1335 1368 1375 capere
1407 1322 1551 1374 vellet,·
1595 1321 1638 1363 is

129 1384 269 1424 autem
299 1379 393 1422 iure
417 1379 695 1423 ecclesiastico
718 1381 992 1433 probandum
1011 1393 1100 1422 esse
1120 1394 1207 1422 non
1230 1379 1461 1434 iqnoravit,
1493 1385 1637 1423 utrum

128 1438 391 1483 monasteria
423 1440 576 1493 procul
606 1439 659 1481 ab
689 1438 867 1482 urbibus
896 1439 982 1482 sita
1017 1439 1247 1493 episcopali
1277 1439 1467 1482 dominio
1497 1440 1636 1482 subia-

129 1503 269 1543 cerent
298 1513 459 1552 annon,
493 1512 747 1552 causamque
767 1499 957 1542 alienam
982 1498 1190 1554 attinqere
1211 1499 1361 1542 noluit.
1407 1498 1638 1552 Bertulfus

30 1562 33 1565 ’
70 1577 106 1604 no
129 1573 234 1613 cum,
266 1558 372 1613 quid
400 1558 449 1602 in
479 1573 523 1601 se
553 1572 731 1613 suosque
760 1563 1006 1612 moveretur,
1040 1559 1094 1601 ab
1118 1558 1259 1602 aulico
1279 1560 1462 1613 quodam
1484 1559 1638 1602 certior

128 1618 270 1672 factus
308 1622 423 1671 esset,
467 1622 506 1661 et
543 1618 637 1674 ipse
675 1632 814 1673 reqem
854 1618 1057 1673 ambiens,
1099 1620 1160 1662 ad
1194 1618 1404 1662 iudicium
1435 1620 1638 1675 synodale

128 1678 307 1722 reiectus
345 1683 417 1722 est.
481 1679 608 1721 Illud
647 1692 735 1721 non
774 1678 868 1721 sine
899 1693 1032 1722 causa
1063 1678 1393 1732 perhorrescens
1425 1679 1540 1722 litem
1579 1680 1640 1722 ad

128 1739 266 1782 sedem
297 1738 570 1792 apostolicam
601 1738 768 1791 deferre
798 1738 953 1781 maluit
961 1752 978 1793 ,·
1023 1752 1101 1781 rex
1130 1752 1229 1782 vero
1268 1738 1463 1793 quamvis
1503 1743 1638 1782 sectae

128 1797 328 1842 Arianae
368 1797 534 1841 deditus
573 1802 689 1852 esset,
731 1802 872 1841 tamen
902 1798 1123 1842 monachis
1153 1798 1294 1853 maqis
1333 1813 1462 1853 quam
1492 1799 1637 1841 adver-

69 1874 104 1902 ω
128 1857 264 1902 sariis
283 1871 427 1901 eorum
447 1858 600 1911 favens
619 1862 787 1913 sumptu
800 1858 972 1912 publico
993 1872 1087 1901 eum
1108 1873 1203 1902 cum
1224 1858 1434 1912 obsequiis
1453 1858 1637 1901 Romam

119 1918 440 1973 perducendum
479 1917 658 1961 curavit.
731 1918 957 1961 Honorius
994 1932 1116 1972 papa
1156 1918 1405 1961 examinata
1444 1917 1638 1973 requlari

129 1977 361 2032 disciplina
391 1977 529 2032 ipsum
561 1977 711 2021 cotidie
743 1978 1007 2032 adhortatus,
1049 1982 1097 2021 ut
1127 1982 1287 2033 pestem
1318 1978 1541 2021 Arianam
1571 1991 1636 2020 ex-

129 2037 348 2092 tinqueret,
390 2038 560 2080 tandem
591 2037 873 2092 privileqium
912 2042 1097 2092 optatum
1129 2053 1170 2081 a.
1195 2042 1295 2092 628,
1328 2039 1369 2080 d.
1397 2042 1463 2080 11.
1497 2037 1635 2090 Iunii,

129 2097 169 2140 ei
199 2097 382 2152 largitus
413 2101 484 2149 est,
526 2111 606 2151 quo
637 2097 946 2141 monasterium
974 2097 1270 2141 iurisdictioni
1309 2097 1540 2152 episcopali
1571 2111 1636 2140 εω-

70 2174 105 2201 so
128 2161 308 2212 emptum
359 2156 546 2199 dominio
589 2157 746 2211 papali
795 2157 997 2211 subdidit,
1050 2157 1256 2212 episcopis
1301 2158 1365 2200 vel
1414 2156 1637 2200 introitum

127 2216 400 2270 interdicens,
442 2216 531 2259 nisi
571 2231 600 2259 a
631 2216 877 2271 praeposito
916 2216 1089 2260 invitati
1129 2218 1188 2260 ad
1217 2216 1447 2260 missarum
1479 2217 1637 2260 sollem-

129 2275 305 2319 nitatem
345 2277 641 2319 celebrandam
681 2275 807 2319 asciti
846 2281 984 2319 essent
995 2278 1024 2318 ².
1096 2276 1281 2320 Fratres
1319 2278 1395 2320 sub
1435 2276 1637 2329 Bertulfo

129 2335 316 2379 colendis
336 2349 422 2378 non
443 2336 577 2378 solum
598 2336 718 2390 ayris
742 2337 818 2379 sed
836 2336 964 2379 etiam
984 2335 1141 2379 vitibus
1160 2337 1382 2390 vacabant,
1409 2336 1638 2391 vineaeque

128 2395 286 2450 saeptis
314 2395 507 2438 munitae
535 2410 649 2439 unus
679 2409 823 2439 eorum
854 2400 990 2439 custos
1016 2400 1196 2450 tempore
1226 2396 1468 2439 vindemiae
1500 2396 1637 2451 *prae-

69 2473 103 2500 ³⁶
122 2456 373 2509 ponebatur,
406 2469 459 2498 ne
489 2455 634 2498 avium
655 2455 935 2499 bestiarumve
954 2455 1156 2499 incursus
1177 2457 1382 2499 damnum
1406 2455 1634 2509 inferrent.

131 2515 288 2570 Saepta
318 2519 458 2558 autem
496 2515 727 2570 quotannis
757 2515 984 2558 arboribus
1014 2516 1238 2559 densanda
1268 2520 1404 2570 erant,
1445 2515 1496 2559 in
1527 2517 1639 2570 quod

129 2574 341 2630 neqotium
371 2575 696 2630 transiqendum
728 2579 784 2617 30
816 2575 1016 2619 monachi
1054 2575 1176 2618 iussu
1215 2575 1384 2619 abbatis
1423 2576 1638 2630 quondam

128 2634 413 2678 incubuerunt
423 2635 451 2676 ³.
484 2635 712 2688 Bertulfus
720 2639 948 2690 postquam
964 2635 1161 2679 tredecim
1177 2649 1317 2678 annos
1331 2634 1637 2678 monasterium

125 2693 390 2750 yubernavit,
422 2694 646 2748 defunctus
676 2699 738 2738 est
767 2709 800 2738 c.
834 2709 876 2737 a.
899 2699 1000 2738 639.

17 2808 20 2809 ⁷
69 2772 105 2798 ιο
281 2753 507 2798 Winiocus
543 2755 765 2811 presbyter
810 2769 862 2798 ecc
898 2754 1178 2809 paroecianis
1223 2755 1284 2797 ad
1330 2753 1637 2797 Columbanum

17 2816 22 2825 '
129 2813 391 2857 visitandum
422 2814 610 2857 Luxovii
640 2828 764 2868 saepe
795 2815 958 2866 aderat,
1001 2814 1088 2857 sive
1118 2814 1205 2857 vim
1236 2813 1418 2866 artificii
1448 2812 1637 2856 admira·

131 2930 169 2974 1)
193 2931 231 2966 V.
259 2931 415 2967 Columb.
443 2931 497 2975 II,
517 2933 574 2967 23.
697 2931 734 2976 2)
770 2931 1007 2975 Privileqium
1042 2932 1095 2967 ed.
1121 2932 1161 2964 in
1186 2930 1283 2966 Hist.
1306 2932 1451 2975 patriae
1479 2939 1636 2964 monum.

131 2978 257 3015 Char-t.
285 2984 366 3015 tom.
393 2979 425 3022 I,
451 2980 515 3014 col.
534 2981 578 3023 5;
602 2980 646 3021 cf.
674 2978 777 3022 Jaffe
799 2990 857 3015 nr.
876 2981 970 3015 2017
984 2979 1007 3014 ².
1106 2978 1143 3024 3)
1170 2979 1211 3012 V.
1239 2977 1395 3013 Columb,
1421 2977 1475 3022 ΙΙ,
1494 2978 1553 3014 25.

1662 2411 1709 2444 ⁸12.
1718 2412 1764 2440 26.
