2008 3302
394 286 564 332 IONAS,
584 286 744 323 VITAE
770 285 1078 323 GOLUMBANI
1103 285 1249 323 LIBRI
1274 285 1329 324 11.
1567 289 1615 324 63

107 424 186 467 que
207 423 293 465 per
321 409 523 453 editorem
553 408 784 453 Bedanum
815 414 1048 464 compertas
1077 409 1289 463 habemus,
1322 423 1443 476 quem
1473 410 1614 452 eodem

109 474 186 515 aut
219 468 440 525 persimili
479 469 712 524 exemplari
750 483 876 512 usum
915 483 1003 512 esse
1040 469 1213 523 primus
1247 468 1408 523 monui,
1455 468 1614 523 hasque

107 528 280 574 uncinis
309 529 501 573 inclusas
532 528 740 583 distinxi,·
771 528 1003 572 nonnullas
1026 542 1080 571 ex
1099 528 1296 572 Lawlori
1326 528 1435 572 libro
1465 527 1612 582 didici,

100 602 270 645 paucas
300 588 455 632 litteris
485 588 600 632 datis
630 590 685 632 ab
716 589 942 632 Edmondo
973 588 1289 632 bibliothecario
1318 588 1473 643 accepi.

66 674 85 703 s
250 657 410 715 Ala*)
466 659 607 704 Codex
650 659 1044 703 Einsidlensis
1089 674 1132 702 n.
1166 663 1265 714 257,
1312 674 1420 704 saec.
1458 660 1516 715 X,
1564 661 1615 704 de

107 720 230 765 cuius
258 719 368 774 fatis
400 720 480 763 SS.
513 720 568 763 R.
602 720 771 763 Merov.
803 719 904 773 III,
928 723 1028 772 629,
1061 719 1259 774 disserui,
1284 734 1331 774 p.
1357 724 1612 774 237—296,

117 781 166 824 V.
195 779 448 824 Columbani
468 794 562 823 cum
583 779 849 823 carminibus
868 778 1063 830 continet,
1086 781 1161 822 sed
1180 779 1409 823 laterculus
1429 779 1615 835 capitum

107 839 245 895 spatio
275 838 421 883 relicto
451 839 732 883 desideratur.

250 899 294 942 A
330 898 447 954 1a”)
502 899 642 942 Codex
686 899 956 942 bibliothecae
1002 898 1386 942 Lindesianae
1434 914 1478 942 n.
1517 903 1612 952 101,

50 975 84 1003 ιο
106 973 214 1004 saec.
240 959 300 1014 X,
331 959 407 1012 fol.
431 963 500 1013 42,
533 974 562 1002 a
591 963 792 1002 matrona
823 959 1023 1014 Rylands
1055 956 1302 1014 (Lonyford
1330 959 1453 1014 Hall,
1488 959 1616 1003 Stret-

106 1019 212 1074 ford
239 1033 380 1076 prope
411 1018 726 1073 Mancunium)
758 1033 894 1074 nuper
927 1018 1174 1073 acquisitae,
1218 1023 1312 1062 erat
1341 1019 1455 1063 inter
1485 1018 1616 1062 libros

107 1092 211 1134 quos
246 1078 375 1122 Libri
415 1078 488 1122 ille
527 1079 720 1132 famosae
758 1077 987 1122 memoriae
1027 1078 1127 1121 olim
1168 1079 1400 1134 collegerat,
1442 1093 1616 1133 cumque

108 1138 356 1183 bibliotheca
395 1138 536 1195 ipsius
575 1154 618 1182 a.
656 1142 782 1182 1859.
828 1139 888 1182 ad
925 1138 1094 1181 hastam
1136 1139 1359 1193 accederet,
1401 1154 1430 1181 a
1470 1139 1539 1182 W.
1577 1142 1618 1181 et

112 1199 162 1242 T.
193 1197 411 1242 Bateman
450 1203 613 1255 emptus
646 1203 717 1250 est,
760 1198 912 1242 deinde
950 1197 1000 1240 in
1040 1198 1239 1242 armaria
1271 1198 1436 1242 comitis
1473 1197 1615 1242 Graw-

49 1272 84 1302 ιι
107 1258 211 1312 ford
228 1259 243 1284 ¹
274 1258 324 1302 in
353 1258 446 1302 vico
476 1258 629 1313 Haiqh
651 1258 762 1302 Hall
783 1272 919 1325 prope
943 1257 1106 1311 Wiqan
1132 1257 1449 1313 (Lancashire)
1481 1272 1616 1302 asser-

106 1322 208 1362 vata
249 1333 290 1362 a.
328 1322 455 1361 1893.
497 1318 685 1372 transiit,
727 1322 814 1361 tum
853 1318 903 1361 in
933 1318 1244 1372 possessionem
1274 1318 1472 1361 dominae
1502 1317 1618 1361 venit

106 1391 237 1433 quam
267 1377 373 1420 dixi.
422 1377 737 1421 Praetermissa
767 1378 952 1434 epistula
976 1378 1105 1421 codex
1133 1378 1183 1421 in
1208 1378 1410 1421 laterculo
1430 1377 1616 1432 capitum

106 1437 182 1491 fol.
219 1438 272 1480 1¹.
314 1437 494 1494 incipit.
533 1438 605 1480 IN
637 1437 889 1481 NOMINE
929 1438 1046 1482 DNI
1086 1438 1420 1481 INCIPIUNT
1453 1437 1615 1480 CAPI-

107 1497 272 1541 TULA
305 1498 482 1540 LIBRI
514 1497 875 1550 SEQUENTIS,
907 1499 1008 1541 dum
1030 1497 1399 1553 praescriptiones
1429 1497 1616 1552 capitum

23 1572 32 1597 s
49 1571 84 1600 ιο
107 1556 417 1611 desiderantur,
449 1570 583 1611 neque
613 1557 838 1612 quicquam-
869 1559 1053 1602 continet
1078 1562 1253 1614 praeter
1284 1557 1440 1600 librum
1468 1557 1508 1599 I.

253 1629 504 1685 Scripturae
525 1629 736 1685 specimen
759 1627 814 1682 (c.
836 1629 882 1684 1)
906 1629 1134 1685 Gataloyus
1155 1629 1427 1673 bibliothecae
1442 1628 1615 1672 Libria-

107 1703 190 1732 nae
223 1687 326 1741 (tab.
352 1689 516 1745 XXI.)
550 1688 715 1732 exhibet
744 1693 842 1732 teste
871 1690 933 1732 H.
961 1691 1009 1734 J.
1036 1690 1227 1744 Lawlor,
1261 1689 1336 1744 qui
1362 1704 1409 1745 p.
1434 1694 1474 1730 6.
1508 1689 1615 1732 codi-

107 1762 193 1792 cem
223 1748 506 1792 minutissime
536 1748 772 1805 descripsit.

252 1820 295 1863 A
325 1821 461 1876 lam)
511 1820 651 1864 Codex
690 1821 1165 1877 Enyelberqensis
1209 1821 1461 1864 monasterii
1506 1836 1549 1863 n.
1588 1824 1614 1862 2

48 1893 85 1924 85
109 1880 260 1934 (antea
300 1895 343 1923 n.
380 1878 490 1936 1s4),
530 1895 637 1924 saec.
674 1881 794 1935 XII,
836 1882 911 1934 fol.
946 1881 1231 1936 251‘—264‘,
1275 1882 1323 1924 V.
1364 1880 1617 1924 Columbani

107 1955 198 1984 una
229 1955 324 1984 cum
363 1941 564 1984 laterculo
600 1941 787 1995 capitum
826 1941 992 1985 exhibet
1030 1946 1154 1996 atque
1193 1941 1243 1984 in
1275 1940 1617 1996 praescriptione

109 2001 255 2043 eadem
293 2001 422 2044 verba
453 2002 512 2043 ad
541 2000 645 2082 libri
675 2005 887 2044 auctorem
926 2001 1166 2057 spectantia
1206 2001 1479 2055 reperiuntur
1509 2014 1617 2054 quae

109 2059 158 2103 in
189 2059 234 2103 A
263 2065 333 2114 la,
375 2060 584 2103 scilicet?
583 2062 710 2116 ·qui
751 2062 808 2104 de
849 2063 946 2104 vita
987 2064 1126 2117 atque
1166 2061 1419 2104 virtutibus
1467 2060 1617 2103 sancti

111 2120 388 2164 Columbani
429 2120 612 2163 abbatis
654 2135 681 2163 a
713 2122 830 2164 Iona
862 2123 1093 2177 quondam
1131 2124 1430 2177 praeceptore
1463 2121 1616 2163 editus

49 2191 85 2221 ιο
111 2182 194 2231 est,
236 2194 368 2234 neque
406 2194 504 2222 vero
538 2194 630 2222 cum
659 2180 846 2234 yenuino
876 2180 1005 2223 huius
1045 2180 1147 2223 libri
1177 2185 1290 2223 textu
1322 2179 1515 2223 convenit
1543 2180 1619 2222 sed

111 2253 204 2282 cum
235 2243 431 2293 correcto,
463 2239 526 2282 ita
556 2244 604 2282 ut
633 2239 738 2292 finis
770 2255 804 2283 c.
831 2244 910 2283 17.·
941 2240 1183 2293 Quomodo
1210 2241 1385 2283 bestiae
1417 2239 1616 2295 incipiat.

110 2299 290 2342 Mendis
320 2303 360 2342 et
388 2298 491 2342 libri
522 2299 564 2341 A
586 2300 658 2342 la*
691 2300 913 2342 nonnullis
943 2299 1013 2343 hic
1043 2301 1172 2343 codex
1201 2299 1405 2343 immunis
1435 2303 1520 2342 est:

171 2372 211 2425 I,
239 2374 306 2413 17.
340 2368 565 2427 homines]
599 2376 642 2414 A
666 2372 778 2415 la***
812 2386 905 2415 cum
936 2371 1027 2415 rell.
1038 2386 1056 2426 ,·
1088 2373 1327 2415 hominum
1359 2371 1404 2414 A
1425 2371 1516 2425 la*,·

200 2431 256 2475 ib.
340 2428 530 2488 suoque]
564 2432 607 2474 A
636 2431 748 2475 lam
782 2446 875 2475 cum
906 2432 1026 2486 rell.,·
1056 2435 1104 2475 et
1136 2446 1219 2475 suo
1250 2431 1294 2474 A
1321 2431 1392 2474 la*

46 2500 86 2545 9⁶
111 2495 150 2534 et
179 2490 283 2534 libri
312 2491 357 2534 A
382 2491 476 2534 la**
509 2495 624 2534 caret
662 2491 1074 2546 interpolationibus,
1115 2491 1292 2534 minime
1322 2492 1487 2534 addens
1516 2495 1620 2547 post

110 2551 304 2607 imperio
337 2549 393 2605 (c.
421 2550 497 2605 17)
529 2551 657 2594 verba
687 2566 781 2594 non
813 2554 883 2595 est
915 2552 1160 2595 silendum.

254 2622 322 2665 De
347 2623 397 2665 V.
419 2622 609 2676 Bertulli
629 2637 737 2677 quae
759 2628 985 2677 praeterea
1006 2622 1115 2667 libro
1135 2623 1248 2666 inest
1266 2638 1303 2665 v.
1326 2623 1452 2676 infra
1471 2624 1515 2666 A
1534 2625 1614 2667 lb9.

255 2694 453 2748 Inspexit
492 2694 545 2737 P.
584 2694 821 2749 Greyorius
851 2695 1030 2738 Iacober
1075 2695 1122 2738 Ο.
1168 2695 1213 2738 S.
1255 2695 1326 2748 B„
1367 2694 1618 2738 monasterii

112 2753 468 2808 bibliothecarius,
500 2754 571 2796 vir
600 2754 991 2798 reverendissimus.

49 2879 90 2907 ιο
114 2870 152 2916 1)
185 2871 241 2914 Cf.
274 2870 320 2907 R.
356 2870 536 2914 Priebsch,
575 2871 759 2906 ‘Deutsche
795 2871 880 2908 Hss.
917 2873 957 2906 in
994 2872 1181 2916 Enqland,
1218 2871 1418 2914 Erlanyen'
1446 2872 1551 2914 1896,
1584 2870 1618 2913 I,

107 2929 148 2962 p.
174 2919 242 2955 189
251 2930 266 2960 ‚·
298 2919 346 2955 K.
372 2919 527 2964 Hampe,
555 2919 613 2955 ‘N.
639 2919 764 2956 Arch!
790 2919 920 2964 XXII,
950 2931 991 2964 p.
1017 2921 1099 2956 699.
1206 2919 1244 2965 2)
1272 2920 1327 2962 Cf.
1355 2919 1398 2954 B.
1426 2918 1616 2962 Gottwald,

114 2966 310 3010 Cataloyus
332 2967 492 3002 codicum
516 2977 600 3003 mss.
626 2967 975 3011 Enqdberqensium‚
1005 2969 1109 3010 1891,
1129 2979 1170 3011 p.
1188 2969 1220 3003 6.
1250 2969 1305 3003 11.
