2008 3302
369 269 413 307 18
653 265 823 311 IONAS,
840 264 1004 302 VITAE
1029 264 1337 301 OOLUMBANI
1361 264 1507 301 LIBRI
1527 263 1581 302 H.

375 423 377 425 .
510 388 599 432 Hic
611 392 712 443 post
727 389 887 431 cladem
902 386 1196 441 Theudeberti,
1214 386 1244 429 i.
1262 401 1296 429 e.
1314 401 1356 430 a.
1375 391 1474 440 612,
1498 401 1591 430 cum
1607 385 1871 431 Theudorici)

365 447 607 503 Briyantia
652 448 754 490 urbs
800 446 998 501 cessisset,
1051 445 1201 490 relicta
1254 446 1404 490 Gallia
1456 445 1776 500 Germaniaque
1819 444 1871 488 in

368 508 547 550 Italiam
577 507 796 561 inyressus
827 510 929 550 erat.
993 505 1099 550 oum
1129 505 1477 549 Alamannorum
1507 509 1624 548 terra
1654 504 1695 548 ei
1725 504 1871 559 displi-

367 571 486 620 ceret,
501 566 647 620 primo
662 565 938 610 Winidorum
958 566 1023 609 vel
1040 565 1288 609 Sclavorum
1308 566 1418 618 sines
1434 564 1556 608 adire
1572 564 1831 619 cogitaverat
1841 564 1869 618 ¹,

366 631 413 669 ut
442 625 706 680 evangelium
728 624 1005 679 praedicaret
1033 624 1228 679 viamque
1259 624 1452 668 veritatis
1482 623 1728 667 errantibus
1757 637 1870 667 mon-
1895 641 1915 669 ο

365 690 532 739 straret,
575 685 649 728 sed
685 684 848 728 visione
888 688 1124 738 commotus,
1164 684 1318 727 iterum
1357 685 1417 726 ad
1455 683 1636 727 Italiam
1677 682 1872 730 animum

366 748 638 798 converterat,
691 748 1007 800 expectansque,
1060 745 1190 787 donec
1235 743 1380 787 aditus
1415 747 1598 799 pateret,
1647 741 1871 786 consilium

366 805 478 858 quod
516 808 681 859 ceperat
718 804 808 848 iam
847 808 1041 847 executus
1080 808 1151 846 est.
1213 804 1274 846 In
1314 817 1491 857 reynum
1528 801 1667 857 yentis
1701 802 1871 857 Lanyo·

366 865 595 907 bardorum
626 863 864 918 inyressum
895 877 988 906 eum
1010 862 1234 918 Ayilulfus
1265 876 1342 905 rex
1373 876 1459 905 non
1483 862 1618 904 solum
1638 861 1872 915 honorifice

365 923 529 977 recepit,
563 924 637 966 sed
666 922 794 966 etiam
826 922 991 976 optione
1027 921 1182 976 affecit,
1224 935 1479 976 quocumque
1516 921 1567 964 in
1599 921 1686 964 loco
1726 919 1869 975 voluit,
1897 940 1932 966 ιο

364 982 486 1025 intra
506 982 668 1025 Italiae
694 983 804 1035 fines
833 981 1070 1025 babitandi.
1124 982 1240 1024 Erat
1259 981 1428 1035 quidem
1448 994 1525 1023 rex
1544 980 1649 1034 fidei
1669 979 1871 1025 Arianae

365 1041 572 1095 addictus,
605 1041 683 1084 etsi
713 1041 854 1094 filium
878 1041 1184 1084 Adalwaldum
1208 1040 1395 1083 instante
1422 1039 1719 1083 Theadelinda
1739 1053 1871 1084 uxore

363 1115 478 1143 more
514 1101 718 1144 catholico
750 1100 963 1154 baptizari
994 1104 1264 1143 consenserat
1276 1101 1304 1141 ².
1366 1098 1624 1152 Mediolani,
1666 1098 1742 1143 ubi
1772 1103 1871 1144 tunc

364 1159 585 1214 residebat,
628 1160 755 1203 etiam
794 1159 1079 1203 Columbanus
1106 1159 1252 1214 primo
1283 1158 1480 1213 constitit,
1522 1162 1570 1201 ut
1598 1158 1872 1203 adversarios

235 1229 251 1247 ⁸
331 1249 338 1257 ·
363 1219 467 1272 fidei
507 1219 736 1262 catholicae
774 1218 1057 1274 impuynaret,
1101 1219 1280 1262 *scilicet
1318 1223 1358 1261 et
1391 1217 1588 1261 Arianos
1626 1217 1870 1272 haereticos,
1896 1237 1932 1265 ιο

365 1283 514 1322 contra
558 1293 661 1333 quos
702 1278 886 1322 libellum
935 1277 1121 1331 ‘florenti
1166 1277 1359 1322 scientia’
1407 1277 1542 1321 edidit
1554 1278 1582 1331 ³,
1630 1281 1670 1321 et
1705 1291 1872 1332 papam

363 1352 516 1392 ipsum.

508 1397 577 1441 De
623 1397 898 1441 damnatione
944 1397 1074 1440 trium
1121 1397 1415 1453 capitulorum,
1464 1395 1623 1440 scilicet
1665 1396 1871 1451 epistulae

364 1458 398 1500 I
399 1458 474 1500 bae
505 1457 687 1523 episcopi
707 1457 917 1500 Edesseni
941 1458 1001 1500 ad
1020 1456 1190 1499 Marim
1210 1457 1392 1500 Persam
1422 1455 1617 1511 scriptae,
1655 1455 1872 1500 Theodori

364 1517 547 1583 episcopi
567 1516 860 1582 Mopsuesteni
884 1531 977 1560 cum
1001 1516 1176 1572 scriptis
1200 1516 1303 1569 eius,
1336 1515 1590 1570 scriptorum
1615 1515 1872 1560 Theodoreti
1894 1536 1932 1564 ιο,

364 1576 547 1632 episcopi
574 1575 788 1631 Gyrensis,
820 1575 870 1619 in
899 1576 997 1630 ipsa
1027 1575 1201 1619 eeclesia
1232 1575 1441 1619 catholica
1470 1574 1658 1619 schisma
1679 1579 1868 1621 emortum

364 1640 470 1683 erat.
532 1636 731 1679 Instante
762 1635 1012 1678 Iustiniano
1042 1635 1298 1691 imperatore
1329 1639 1369 1678 et
1396 1635 1447 1678 in
1477 1635 1637 1690 synodo
1663 1634 1870 1679 Constan-

365 1695 649 1750 tinopolitana
675 1695 722 1738 V.
757 1710 799 1738 a.
822 1699 922 1737 553.
955 1699 995 1738 et
1024 1710 1052 1738 a
1083 1695 1242 1749 Viyilio
1261 1709 1381 1750 papa
1401 1694 1481 1738 illa
1502 1696 1711 1739 damnata
1729 1699 1867 1750 erant,

365 1754 459 1798 licet
490 1759 682 1798 auctores
713 1769 857 1797 eorum
879 1768 962 1809 per
993 1754 1218 1798 concilium
1247 1754 1590 1798 Ohalcedonense
1621 1769 1664 1798 a.
1685 1758 1787 1799 451.
1818 1754 1873 1804 in,

363 1814 579 1857 ecclesiam·
600 1814 755 1868 recepti
775 1818 922 1857 essent.
976 1814 1178 1857 Attamen
1199 1828 1293 1857 cum
1318 1814 1553 1870 complures
1573 1813 1734 1858 Italiae
1753 1827 1870 1870 supe-
1893 1815 1931 1864 275

362 1873 497 1916 rioris
512 1874 735 1917 ecclesiae4
751 1878 838 1916 tum
854 1873 1037 1916 mamime
1047 1873 1342 1928 Aquileienses
1357 1873 1486 1917 huius
1501 1873 1673 1918 concilii
1689 1873 1869 1918 auctori·

363 1937 489 1975 tatem
519 1933 721 1976 imminui
752 1948 839 1976 non
863 1933 989 1987 passi
1020 1933 1291 1976 damnationi
1321 1947 1408 1990 non
1440 1937 1744 1976 consenserunt
1771 1937 1811 1976 et
1839 1948 1873 1985 a

364 1993 653 2036 communione
684 1992 984 2036 damnantium
1019 2007 1063 2036 se
1103 1992 1403 2036 abstinuerunt
1415 1994 1444 2034 ⁵.
1513 1992 1620 2036 Cum
1659 1996 1783 2036 tanta
1821 2007 1869 2037 eo

364 2052 592 2095 certamine
623 2052 817 2105 confusio
848 2053 896 2096 in
927 2052 1144 2096 ecclesiam
1175 2052 1377 2096 Italicam
1408 2051 1661 2106 irrepsisset,
1693 2056 1741 2096 ut
1767 2057 1870 2096 utra

359 2125 466 2165 pars
496 2111 691 2166 eliyenda
721 2117 826 2155 esset
864 2111 988 2155 multi
1026 2111 1289 2167 iynorarent,
1328 2111 1562 2166 Gregorius
1591 2111 1662 2154 M.
1693 2111 1870 2156 summis
1893 2131 1931 2162 ιο,
2000 2158 2002 2160 ,

362 2170 526 2214 viribus
557 2172 772 2226 laborans,
805 2176 852 2215 ut
881 2172 1136 2215 abstinentes
1163 2173 1222 2215 ad
1242 2171 1574 2221 communionem
1595 2171 1866 2227 compelleret,

370 2229 666 2273 Constantium
715 2231 952 2286 episcopum
1004 2231 1370 2274 Mediolanensem
1422 2246 1463 2274 a.
1508 2233 1609 2274 593.
1662 2230 1870 2286 obliyasse
1935 2279 1939 2282 ,

361 2289 540 2343 videtur,
573 2295 619 2333 ut
649 2291 768 2343 facta
800 2291 994 2334 cautione
1025 2290 1298 2334 damnationi
1319 2290 1585 2344 consentiret,
1619 2304 1712 2333 cum
1731 2290 1873 2335 subito.

363 2353 448 2391 tres
494 2349 762 2403 suffrayanei
808 2364 902 2393 cum
947 2350 1048 2405 ipsa
1085 2350 1384 2393 Theadelinda
1430 2349 1583 2404 reyina
1630 2351 1684 2393 ab
1729 2349 1869 2405 ipsius

363 2408 651 2451 communione
701 2413 963 2452 recesserunt
975 2410 1004 2451 ⁶.
1086 2409 1337 2452 Auctoritas
1387 2409 1585 2452 ecclesiae
1635 2409 1869 2454 catholicae
1893 2428 1931 2458 ³⁶,

362 2467 442 2510 hac
482 2467 745 2511 dissensione
790 2468 853 2510 ita
892 2468 1120 2511 imminuta
1160 2473 1240 2522 est,
1287 2473 1335 2511 ut
1382 2468 1629 2511 Constantio
1669 2469 1868 2522 defuncto

362 2526 644 2581 Lanyobardi
666 2527 892 2581 proprium
919 2527 1195 2571 candidatum
1216 2527 1438 2570 Arianum
1469 2543 1509 2571 a.
1534 2531 1635 2570 600.
1667 2527 1870 2583 eliyerent

363 2586 527 2640 soloque
580 2586 781 2641 Greyorii
832 2587 1069 2630 interventu
1120 2602 1149 2631 a
1199 2587 1598 2630 Mediolanensibus
1648 2587 1867 2632 catholicis

364 2737 398 2783 1)
420 2739 458 2774 V.
475 2738 630 2774 Columb.
645 2738 676 2782 I,
691 2740 747 2774 27.
827 2739 864 2783 2)
884 2739 939 2782 Cf.
959 2739 1065 2783 Grey.
1083 2750 1135 2784 ep.
1154 2751 1188 2774 α.
1203 2741 1272 2776 603
1290 2738 1417 2783 (Jaffe',
1435 2740 1521 2784 Req.
1541 2741 1635 2776 1925
1645 2739 1695 2782 ²),·
1711 2739 1865 2784 Paulus,

362 2785 411 2821 Η.
438 2786 595 2830 Lanyob.
619 2786 686 2828 IV,
704 2788 760 2822 27.
859 2786 895 2832 3)
923 2787 962 2822 V.
989 2787 1144 2822 columb.
1170 2788 1200 2831 I,
1218 2789 1275 2823 30.
1373 2787 1410 2832 4)
1439 2787 1496 2829 Cf.
1522 2787 1715 2830 Hamack,
1737 2787 1873 2826 ‘Lem-⁴
1889 2798 1927 2824 40

363 2833 451 2867 buch
469 2835 533 2867 der
552 2834 834 2878 Doqmenyesch!
851 2834 905 2877 H,
924 2836 994 2870 399
1004 2834 1026 2870 '·'.
1126 2835 1162 2877 5)
1177 2835 1362 2878 Suyyestio
1377 2837 1619 2880 episcoporum
1636 2835 1866 2870 Istoieiwium

359 2882 632 2924 provinciarum
661 2892 694 2917 a.
721 2883 804 2925 591,
839 2882 1010 2926 Greyorii
1032 2882 1082 2918 M.
1108 2882 1262 2926 Reyistr.
1290 2883 1320 2925 I,
1352 2894 1389 2927 p.
1418 2884 1472 2919 18.
1584 2884 1620 2925 6)
1651 2883 1753 2927 Groy.
1778 2883 1865 2927 Rea.

363 2928 431 2972 IV,
449 2930 581 2970 2—4,·
606 2929 710 2972 Jaffe'
730 2940 766 2966 n.
788 2929 1062 2966 1273—12752.
1382 2963 1391 2971 ,
