2008 3302
268 738 312 769 ‘p-
326 737 371 762 36.

397 299 444 334 58
683 296 851 341 IONAS,
868 295 1031 331 VITAE
1057 294 1364 332 OOLUMBANI
1388 295 1534 332 LIBRI
1557 296 1609 334 11.

684 431 863 468 munus,
917 418 1152 473 oppidum,
1205 418 1519 473 psallentium,
1571 421 1684 470 rebe,
1731 420 1895 472 salum,

684 478 846 527 solum,
886 491 977 526 vas,

613 535 654 590 3)
685 537 784 589 fem.
804 549 889 590 pro
909 550 1038 579 masc.
1050 550 1064 578 .·
1089 551 1229 588 amor,
1252 537 1402 589 ardor,
1425 537 1608 594 auligae
1631 536 1710 591 (=
1727 538 1895 593 aulici),

679 610 775 648 qen.
809 596 1030 651 auligum,
1072 610 1158 639 acc.
1192 597 1384 652 auligas,
1426 597 1544 648 finis,
1582 598 1744 650 fomes,
1775 599 1896 651 fons,

682 656 853 711 fragor,
866 656 1027 707 honor,
1041 656 1175 711 ignis,
1188 656 1327 708 late-x,
1342 656 1448 712 popl
1454 670 1513 709 es,
1530 670 1677 713 sapor,
1689 660 1896 710 truncus,
1922 672 1940 700 5

596 711 659 771 ⁸4)
690 715 789 768 fem.
829 728 913 768 pro
968 719 1130 757 matr„-
1182 716 1443 759 confeotam
1494 730 1663 768 arvam,
1718 731 1896 774 corpus,

685 775 804 817 ostia
835 789 917 830 per
948 789 1073 830 quas,
1106 775 1231 817 intra
1262 777 1454 831 septam,
1488 790 1579 831 qua
1609 777 1787 830 scisma,

459 834 640 878 oratio
681 834 853 888 obliqua
898 834 1142 887 frequenter
1182 834 1387 888 adhibita,
1427 835 1731 888 praetermisso
1775 837 1900 879 verbo

684 893 893 936 sentiendi
924 894 987 936 vel
1018 894 1281 948 declarandi,
1324 898 1446 948 atque
1487 909 1580 937 cum
1616 894 1775 939 directa
1807 909 1900 939 con-

684 957 847 995 stanter
861 952 1080 1007 permista,
1096 953 1425 1007 pronominibus
1438 954 1610 1007 primae
1631 959 1672 997 et
1692 955 1901 999 secundae

676 1027 889 1067 personae
921 1012 1063 1066 (mihi,
1096 1014 1198 1065 tibi,
1230 1016 1292 1065 te,
1325 1011 1450 1069 tuus)
1485 1013 1640 1067 positis
1677 1028 1809 1069 neque
1838 1028 1901 1058 re-

685 1072 869 1126 flexivis,
912 1072 1091 1126 denique
1128 1087 1220 1115 una
1250 1073 1435 1115 alterave
1466 1073 1720 1128 interrupta,
1761 1073 1825 1117 ita
1854 1078 1903 1117 ut

686 1146 738 1174 ex
759 1131 929 1185 obliqua
949 1132 997 1174 in
1018 1132 1224 1175 directam
1250 1132 1459 1175 transitus
1483 1134 1566 1186 fiat
1587 1137 1628 1176 et
1649 1133 1739 1177 viee
1762 1147 1899 1188 versa,

459 1208 562 1236 acc.
596 1207 630 1235 c.
662 1192 764 1244 inf.
790 1196 890 1245 post
919 1207 1012 1244 cur,
1047 1195 1261 1247 quantus,

450 1267 557 1308 pra
568 1251 907 1307 epositio-nes
933 1252 1054 1295 casui
1070 1252 1354 1306 postpositae:
1379 1266 1426 1295 se
1454 1255 1629 1305 contra,
1657 1267 1705 1297 se
1732 1267 1900 1305 coram,

615 1327 662 1355 se
683 1313 818 1362 inter,
843 1315 989 1354 semet
1009 1313 1146 1364 intra,
1171 1314 1316 1355 semet
1336 1313 1485 1368 ipsum
1508 1313 1646 1365 intra,
1673 1314 1766 1356 fine
1787 1314 1900 1356 sine.

543 1384 604 1426 In
663 1387 721 1425 tot
779 1382 1033 1425 soloecismis
1083 1397 1261 1437 aequum
1313 1383 1523 1426 arbitrum
1574 1383 1734 1427 sinceri
1782 1383 1903 1427 illius

400 1443 587 1486 auctoris
617 1441 782 1485 labores
813 1456 900 1484 non
930 1442 1109 1496 fugient.
1174 1443 1289 1485 Sane
1324 1442 1601 1496 manifestum
1631 1447 1702 1497 est,
1743 1444 1903 1487 Ionam

400 1502 584 1546 sermoni
614 1502 835 1545 excolendo
865 1516 1073 1544 summam
1102 1516 1273 1555 operam
1305 1502 1468 1545 dedisse
1498 1507 1768 1557 auctoresque
1799 1504 1902 1547 clas—

399 1563 509 1606 sicos
529 1562 753 1616 diligenter
773 1561 986 1604 imitatum
1007 1575 1105 1615 esse,
1138 1561 1201 1604 ita
1221 1566 1268 1604 ut
1287 1563 1350 1604 vel
1369 1575 1484 1605 more
1505 1562 1694 1605 Liviano
1719 1562 1904 1617 coyitata

399 1626 642 1665 sanctorum
681 1635 853 1663 suorum
894 1621 1085 1663 oratione
1124 1621 1295 1675 obliqua
1340 1635 1544 1675 exponere
1590 1624 1901 1677 aqyrederetur,

400 1696 532 1736 neque
562 1681 717 1723 studiis
746 1680 884 1734 ipsius
913 1695 1147 1723 successum
1175 1681 1360 1733 defuisse
1391 1686 1666 1736 conatumque
1697 1685 1737 1725 et
1763 1681 1904 1736 ipsum

401 1742 662 1784 laudandum
697 1754 795 1791 esse,
827 1740 1022 1794 quamvis
1052 1742 1111 1783 ad
1139 1742 1269 1793 finem
1305 1754 1392 1783 non
1423 1741 1696 1795 pervenisset.
1758 1741 1905 1797 Iqitur

400 1801 451 1843 in
490 1802 629 1843 eodem
669 1803 838 1843 auctore
877 1804 916 1842 et
953 1799 1158 1843 dictiones
1197 1800 1369 1855 linquae
1408 1800 1589 1854 optimae
1634 1805 1674 1844 et
1714 1801 1904 1856 eoeempla

394 1860 606 1914 pessimae
629 1857 683 1911 (e.
704 1874 770 1913 qr.
804 1862 858 1901 ui:
888 1874 946 1903 ne
970 1878 1024 1894 =
1048 1874 1111 1913 ne,
1144 1861 1340 1903 limitem
1365 1878 1420 1894 =
1442 1860 1590 1916 limen)
1622 1861 1904 1916 vocabulaque

402 1921 591 1962 barbara
638 1919 913 1974 (barridibas,
962 1920 1193 1971 faciditas‚
1236 1919 1426 1975 gavisio)
1467 1921 1677 1974 lequntur.
1739 1919 1903 1975 Haqio·

397 1979 579 2034 yraphis
601 1978 909 2033 posterioribus
940 1978 1078 2021 oratio
1103 1979 1206 2022 haec
1229 1979 1403 2022 variata
1427 1979 1696 2034 artificioque
1719 1981 1902 2034 quodam

400 2038 604 2082 distincta
633 2038 849 2081 imitanda
879 2038 1093 2092 apparuit,
1125 2038 1190 2081 ita
1214 2043 1262 2081 ut
1283 2038 1333 2081 in
1357 2039 1501 2082 multis
1531 2044 1773 2082 sanctorum
1802 2039 1904 2082 vitis

400 2099 464 2141 vel
493 2099 622 2140 multo
644 2102 745 2152 post
774 2098 1023 2152 conscriptis
1054 2098 1258 2141 dictiones
1282 2099 1418 2141 Ionae
1441 2099 1648 2153 propriae
1679 2099 1902 2154 deprehen-

401 2159 572 2201 dantur.
653 2158 769 2200 Sane
820 2159 870 2200 de
916 2158 1156 2200 litterarum
1199 2162 1313 2200 statu
1363 2158 1412 2201 in
1464 2158 1626 2202 Galliis
1671 2173 1723 2201 ex
1766 2158 1904 2202 medio

400 2232 507 2260 saec.
556 2217 664 2260 VII.
710 2217 855 2271 aliquo
901 2218 1022 2260 modo
1066 2217 1340 2260 revirescente
1389 2232 1477 2261 non
1521 2219 1655 2261 solum
1700 2218 1904 2273 mayister

401 2277 551 2330 optime
581 2277 756 2319 meritus
786 2281 856 2330 est,
889 2278 964 2319 sed
985 2276 1113 2320 etiam
1134 2277 1394 2332 bioqraphus
1412 2277 1560 2332 ipsius,
1593 2278 1663 2321 cui
1683 2282 1723 2320 et
1738 2277 1903 2333 yloriae

393 2341 563 2390 partem
593 2336 807 2379 reservari
836 2337 994 2379 iustum
1025 2350 1284 2391 aequumque
1314 2351 1401 2380 esse
1431 2337 1647 2380 existumo.

546 2396 613 2437 Eo
644 2399 822 2449 tempore
853 2410 933 2449 quo
964 2395 1087 2438 Vitae
1114 2396 1367 2439 Columbani
1387 2396 1542 2439 librum
1567 2397 1746 2440 alterum
1767 2397 1903 2440 Ionas

401 2455 608 2497 exarabat
646 2459 685 2497 et
715 2455 939 2497 Honorius
968 2456 1118 2509 papal
1156 2454 1196 2509 (†
1229 2455 1330 2509 638)
1361 2460 1401 2498 et
1429 2456 1698 2510 Daqobertus
1729 2458 1834 2499 reoe²
1863 2460 1903 2499 et

401 2514 522 2568 Aeqa
561 2514 701 2556 maior
732 2515 877 2556 domus
917 2511 958 2569 (†
990 2511 1091 2570 641)
1122 2515 1279 2556 mortui
1318 2519 1444 2558 erant
1481 2515 1651 2569 sedique
1682 2514 1902 2559 Viroman-

401 2574 523 2616 densi
543 2573 718 2628 Eliyius
747 2573 964 2627 episcopus
986 2575 1244 2628 praeerat-Q·
1275 2574 1463 2617 triennio
1493 2579 1643 2628 autem,
1676 2579 1902 2630 antequam

400 2634 650 2676 mandatum
694 2637 944 2687 susceperat,
997 2633 1225 2686 Bertulfus
1276 2635 1407 2676 abbas
1452 2634 1682 2677 etiamtunc
1725 2634 1900 2688 vivebat,

401 2707 522 2748 quem
553 2707 584 2736 c.
609 2708 650 2735 a.
675 2697 774 2734 639.
799 2697 1011 2735 mortuum
1036 2707 1122 2735 esse
1143 2693 1314 2735 conieci.
1362 2694 1516 2747 Itaque
1541 2694 1721 2736 alterum
1743 2694 1901 2737 librum

400 2752 630 2795 verisimile
669 2756 730 2795 est
767 2767 801 2795 c.
834 2767 874 2794 a.
909 2756 1008 2793 642.
1042 2752 1311 2806 compositum
1351 2767 1454 2807 esse,
1497 2754 1716 2808 eodemque
1755 2758 1902 2797 auctor

407 2811 722 2855 Chronicarum
767 2826 875 2866 quae
919 2811 1180 2866 Fredeqarii
1225 2811 1396 2854 nomine
1444 2812 1806 2866 circumferuntur
1851 2814 1902 2856 de

546 2918 581 2961 1)
607 2917 648 2952 V.
675 2916 829 2952 caumb.
852 2916 906 2959 II,
926 2918 984 2952 23.
1080 2917 1119 2961 2)
1148 2917 1203 2953 Ib.
1226 2917 1279 2960 II,
1299 2919 1353 2953 17.
1452 2917 1489 2963 3)
1515 2917 1569 2954 Ib.
1591 2918 1645 2962 II,
1664 2919 1719 2954 10.
1753 2917 1901 2962 Enyeus

401 2965 458 2998 die
484 2967 539 3000 13.
558 2965 654 2999 Maii
678 2975 712 2999 a.
730 2965 811 3000 641.
837 2969 1062 2999 consecratus
1085 2968 1160 3006 est,·
1184 2965 1232 3007 cf.
1260 2965 1335 3000 Ser.
1362 2975 1433 3001 rer.
1461 2965 1593 3002 Merov.
1619 2964 1688 3010 IV,
1709 2976 1749 3010 p.
1768 2962 1850 3003 6³8.

1926 969 1962 996 10

1927 1266 1962 1294 15

1926 1868 1963 1901 25

1925 2173 1961 2200 80

1924 2767 1961 2796 10
