2008 3302
380 289 403 324 6
666 284 835 331 IONAS,
853 283 1018 322 VITAE
1044 283 1351 320 GOLUMBANI
1375 282 1523 319 LIBRI
1546 283 1600 321 H.

380 408 536 451 victum
566 422 704 451 secum
734 407 927 459 ferentes,
961 419 1094 459 neque
1117 419 1279 460 semper
1302 404 1486 458 feliciter
1508 420 1681 450 messem
1713 407 1889 452 cessisse

381 468 566 521 exemplo
596 465 795 509 monachi
825 466 1054 518 edocemur,
1096 464 1170 531 qui
1202 464 1382 518 diyitum
1412 465 1525 518 falce
1555 465 1806 521 absciderat,
1837 471 1891 511 ut

381 541 469 569 non
515 527 717 578 haerer,et
766 524 855 567 nisi
891 538 1038 578 parva
1083 523 1289 567 retinente
1325 524 1451 578 pelle.
1514 525 1664 568 Novus
1701 540 1806 581 aqer
1843 525 1885 570 si

381 585 579 629 messium
610 584 774 651 copiam
805 584 1044 637 locupletem
1075 584 1258 637 dederat,
1300 584 1407 627 soles
1445 583 1614 628 assidui
1655 585 1886 640 exoptandi

382 649 517 699 erant,
559 659 624 698 ne,
666 643 817 687 emisso
855 642 1057 697 qeimine,
1099 642 1148 685 in
1185 642 1343 697 stipula
1373 643 1522 686 messis
1544 644 1720 699 periret,
1761 649 1892 700 atque
1909 661 1932 689 ⁵

389 704 673 748 Columbanus
711 703 805 759 ipse
851 702 990 745 labori
1035 716 1111 745 suo
1157 716 1245 745 non
1283 702 1484 758 pepercit,
1530 707 1579 746 ut
1612 718 1727 759 seyes
1755 718 1886 760 quam

382 763 596 808 celerrime
621 762 787 805 horreis
811 764 1100 805 conderetur.
1072 762 1087 788 1
1159 763 1281 816 Quod
1299 776 1393 805 cum
1412 762 1575 815 factum
1595 768 1712 819 esset,
1736 763 1887 808 messis

381 823 431 866 in
470 837 576 866 area
614 838 643 865 a
681 822 896 875 fratribus
926 821 1052 876 virqa
1083 822 1298 865 caedenda
1329 823 1462 865 erat2.
1525 823 1697 866 Horreo
1736 823 1886 878 cuique

382 897 484 926 suus
515 887 652 926 custos
682 883 745 925 vel
785 881 971 935 claviyer
1002 887 1210 935 praeerat
1221 882 1249 935 ³,
1290 895 1420 935 eaque
1456 882 1684 926 adtnodum
1722 883 1886 937 referta

382 957 470 985 esse
501 956 604 996 opus
635 946 738 995 erat,
779 945 827 983 ut
857 945 978 984 tanta
1009 940 1232 983 multitudo
1265 955 1383 995 pane
1414 942 1612 985 aleretur.
1674 942 1887 987 Monachi
1911 959 1952 986 ιο

382 1006 521 1044 autem
551 1002 616 1044 vel
646 1001 887 1044 laborantes
913 1000 1140 1055 anqustius
1160 1000 1475 1055 reficiebantur,
1508 1015 1611 1044 nam
1642 1003 1725 1045 duo
1746 1016 1887 1058 panes

373 1061 681 1127 paululumque
718 1060 945 1103 cerevisiae
981 1060 1207 1114 seoeaqinta
1237 1060 1478 1103 homi-nibus
1507 1060 1581 1104 vix
1609 1061 1885 1114 suffecissent,

382 1119 472 1162 nisi
517 1134 632 1162 more
668 1119 850 1162 Domini
896 1123 1068 1162 sanctus
1112 1119 1193 1162 illa
1239 1119 1432 1163 oratione
1477 1134 1557 1164 sua
1602 1121 1888 1176 multiplicare

374 1179 621 1233 potuisset3.
684 1179 828 1232 Potus,
869 1183 918 1221 ut
946 1178 1053 1233 dixi,
1096 1178 1300 1222 cerevisia
1330 1183 1434 1234 erat,
1467 1184 1682 1234 artemque
1711 1194 1804 1224 eam
1835 1195 1888 1224 ex

382 1238 592 1291 frumenti
621 1239 686 1281 vel
714 1214 863 1281 hord'ei
893 1252 992 1281 suco
1023 1238 1290 1293 decoquendi,
1328 1239 1555 1293 adsumpta
1585 1241 1722 1295 brace,
1756 1237 1888 1284 Scotti
1913 1256 1953 1284 xc>

384 1312 435 1341 ex
466 1298 619 1352 patria
659 1298 902 1340 attulerant.
982 1297 1100 1341 Cura
1145 1302 1284 1341 autem
1329 1298 1528 1341 ministro
1566 1295 1791 1352 refectorii
1822 1301 1888 1344 vel

386 1357 604 1402 cellerario
634 1358 843 1400 mandata
873 1361 977 1411 erat,
1018 1357 1137 1411 isque
1176 1357 1284 1400 hora
1320 1358 1566 1411 refectionis
1596 1373 1648 1402 ex
1677 1373 1777 1403 vase
1806 1373 1888 1414 quo

385 1431 436 1459 ea
467 1417 723 1460 condebatur
752 1421 886 1459 tracto
916 1416 1108 1459 duciculo
1129 1417 1362 1471 ampullam
1382 1417 1431 1460 in
1457 1417 1630 1461 cellario
1659 1419 1886 1473 replebat&

391 1476 522 1530 Operi
560 1476 718 1519 rustico
757 1475 965 1528 faciundo
1002 1475 1289 1519 Columbanus
1326 1476 1378 1519 in
1415 1481 1592 1532 utroque
1630 1477 1889 1522 monasterio

376 1549 459 1590 per
488 1535 598 1579 vices
627 1535 836 1578 intererat
864 1540 903 1578 et
931 1535 1119 1578 Luxovii
1149 1540 1189 1578 et
1218 1536 1449 1579 Fontanis.
1912 1554 1955 1582 ιο

535 1618 792 1662 Consederat
811 1622 949 1662 autem
970 1617 1020 1661 in
1041 1618 1258 1661 territorio
1280 1619 1587 1675 Sequanorum,
1621 1620 1744 1664 cuius
1763 1626 1891 1676 caput

385 1682 479 1721 erat
508 1678 715 1732 Vesontio,
758 1683 881 1732 atque
918 1677 967 1720 in
998 1678 1177 1721 dioecesi
1208 1679 1542 1722 Vesontionensi.
1604 1679 1889 1724 Auctoritatis

383 1751 512 1792 quam
551 1737 672 1780 intra
703 1752 867 1792 paucos
906 1752 1044 1781 annos
1079 1738 1142 1780 vel
1172 1739 1290 1792 apud
1318 1738 1604 1782 nobilissimos
1632 1739 1718 1783 sibi
1747 1740 1889 1796 acqui-

383 1796 517 1840 sierat
537 1797 653 1840 testis
680 1801 740 1840 est
766 1797 839 1851 qui
870 1797 1119 1840 Vesontione
1141 1801 1239 1841 tunc
1259 1797 1471 1841 residebat
1495 1799 1584 1842 dux
1612 1799 1889 1844 Waldelenus

383 1856 553 1899 nomine
583 1871 676 1900 cum
707 1856 875 1900 Flavia
915 1857 1102 1911 coniuqe.
1172 1856 1254 1911 Qui
1294 1872 1387 1900 cum
1418 1858 1542 1912 prole
1581 1863 1789 1914 carerent,
1830 1860 1892 1904 ad
1912 1875 1954 1903 τε

382 1915 523 1970 ipsum
553 1930 596 1958 se
627 1916 901 1969 conferebant
931 1916 979 1959 in
1011 1918 1229 1970 desertum,
1262 1921 1310 1959 ut
1331 1917 1531 1972 precibus
1561 1917 1654 1962 eius
1685 1918 1770 1962 sibi
1799 1933 1888 1963 suc-

383 1980 636 2029 curreretur,
660 1990 792 2030 neque
810 1975 1148 2019 intercessionem
1165 1991 1288 2019 suam
1304 1977 1538 2031 dencqavit,
1561 1992 1612 2022 ea
1628 1977 1886 2034 condicione,

381 2038 428 2077 ut
447 2034 636 2077 Domino
667 2035 933 2078 nasciturum
964 2040 1260 2079 consecrarent
1287 2036 1452 2091 sibique
1476 2051 1528 2080 ex
1558 2038 1729 2081 lavacro
1759 2038 1887 2082 susci-

373 2093 582 2148 piendum
608 2109 702 2137 eum
723 2096 950 2138 traderent.
1004 2095 1127 2138 Duos
1156 2095 1248 2138 iam
1278 2110 1388 2138 uoeor
1414 2096 1530 2149 filios
1551 2097 1722 2152 peperit
1738 2097 1886 2142 Dona-

381 2158 469 2196 tum
496 2157 534 2196 et
561 2154 898 2208 Ghramelenum,
931 2168 1108 2209 quorum
1141 2155 1250 2198 alter
1269 2155 1318 2198 in
1348 2157 1605 2199 monasterio
1625 2156 1888 2201 Luxoviensi
1911 2174 1952 2202 ω

380 2213 579 2256 educatus
618 2213 709 2256 sedi
749 2214 1071 2257 Vesontionensi
1101 2214 1318 2269 episcopus
1346 2219 1495 2269 postea
1518 2221 1735 2271 praeerat,
1777 2217 1886 2261 alter

373 2277 499 2326 patre
529 2277 693 2315 mortuo
728 2274 927 2317 ducatum
957 2273 1124 2317 meruit.
1197 2274 1378 2329 Uterque
1418 2276 1478 2318 ad
1515 2276 1656 2319 sancti
1693 2277 1885 2332 requlam

380 2332 684 2375 monasterium
730 2333 977 2388 construxit,
1025 2334 1134 2376 alter
1178 2348 1312 2377 unum
1352 2334 1574 2378 Palatium
1619 2335 1790 2380 nomine
1834 2335 1886 2379 in

379 2390 483 2434 urbe
513 2391 752 2446 episcopali,
785 2393 858 2435 ubi
889 2397 929 2436 et
957 2397 1094 2436 mater
1111 2398 1209 2447 post
1231 2393 1381 2436 mariti
1401 2394 1558 2437 obitum
1578 2395 1886 2439 monasterium

372 2451 617 2504 puellarum
649 2451 849 2506 condidit,
883 2453 993 2496 alter
1022 2453 1203 2496 alterum
1232 2452 1282 2495 in
1313 2454 1425 2496 saltu
1457 2453 1635 2497 lurensi
1664 2456 1725 2498 ad
1754 2454 1884 2498 Novi·
1909 2471 1950 2499 ⁸⁶

379 2523 529 2552 sonam
558 2511 783 2563 fluviolum
813 2511 983 2555 situm.
955 2513 970 2538 ⁵
1035 2512 1246 2555 Ducalem
1269 2511 1405 2566 iyitur
1425 2512 1647 2579 familiam
1671 2515 1776 2558 adeo
1801 2503 1905 2558 sibi

346 2603 352 2611 .
382 2568 661 2625 *devinxerat,
694 2575 742 2613 ut
765 2576 986 2615 sectatores
1011 2571 1312 2615 studiosissimi
1336 2586 1389 2614 eoe
1414 2572 1511 2626 ipsa
1536 2572 1620 2616 sibi
1649 2578 1882 2629 surqerent,

379 2640 510 2683 neque
540 2644 637 2672 vero
669 2630 708 2673 ei
738 2630 812 2685 qui
842 2632 979 2674 sedem
1010 2631 1377 2674 Vesontionensem
1413 2635 1512 2675 tunc
1543 2635 1773 2688 occupabat
1800 2633 1884 2688 epi-

379 2702 499 2742 scopo
531 2689 611 2732 loci
642 2690 894 2744 praesentia
934 2690 1070 2745 ipsius
1101 2692 1241 2733 eodem
1271 2691 1392 2733 modo
1423 2696 1592 2746 accepta
1624 2697 1728 2748 erat,
1761 2697 1883 2736 totus-

378 2761 456 2801 que
495 2748 782 2804 Burqundiae
822 2750 1085 2804 episcopatus
1116 2764 1323 2804 prospero
1364 2750 1455 2794 eius
1494 2766 1687 2796 successu
1726 2751 1884 2796 laetari
1906 2770 1947 2797 ω

378 2904 414 2997 ἒξ
438 2906 486 2987 ‘fg
507 2907 659 2991 &luff-
685 2908 717 2952 I,
746 2910 801 2945 13·
908 2910 945 2954 2)
974 2909 1028 2946 lb·
1055 2910 1086 2954 I,
1115 2911 1171 2946 12.
1269 2912 1306 2955 3)
1331 2910 1386 2947 Ib.
1412 2911 1444 2954 J,
1471 2912 1526 2947 17.
1624 2911 1662 2955 4)
1684 2910 1739 2948 Ib.
1765 2911 1798 2954 Ι,
1824 2912 1882 2948 16.

1992 0 2008 63 m
