2008 3302
16 1470 19 1482 ⁴
17 1458 18 1461 „
14 1342 26 1406 «ῦ-ῡτ
13 1264 22 1335 «μ’-Γ»
12 1216 24 1248 -Τ
10 988 27 1207 λπ-σ-ιπκτιεεὶ
9 738 32 983 τε--τ-ν-«ῑσκιχ,
7 269 33 733 mxgwn

481 255 652 301 -10NAS,
671 256 798 292 VITA
823 257 1078 295 IOHANNIS
1104 259 1338 299 ABBATIS.
1590 264 1663 300 325

158 377 427 433 deprompsit,
476 378 656 421 alteram
701 383 852 433 autem,
909 394 1036 434 quam
1083 380 1185 436 ‘post
1230 398 1369 426 annos
1413 383 1588 438 aliquot'
1634 399 1663 427 a

161 438 339 482 Bettone
369 437 562 493 episcopo
594 437 859 492 Linyonensi
891 453 997 482 saec.
1031 441 1167 483 VIII.
1191 456 1254 484 ecc.
1287 443 1447 495 factam
1478 458 1565 487 esse
1597 444 1663 498 af·

160 497 363 552 firmavit,
396 497 490 553 ipse
520 496 677 540 adiecit
707 512 800 541 cum
830 499 1053 542 miraculis
1084 502 1316 555 nonnullis,
1350 517 1479 557 eaque
1509 507 1663 559 postea

161 557 410 602 continuata
456 561 556 600 sunt
604 571 736 611 usque
786 559 846 601 ad
893 558 1062 601 tertiam
1109 561 1432 605 translationem
1482 567 1663 618 tempore

111 631 131 657 ο
162 618 544 671 Nortmannoru-m,
586 616 746 660 scilicet
781 632 821 660 a.
854 621 953 671 888,
995 619 1170 671 factam.
1240 620 1490 675 Compilatio
1529 622 1664 678 iqitur

116 675 117 678 ¹
169 677 206 722 C
223 676 371 732 priori
401 691 509 720 saec.
535 676 628 719 IX.
653 676 778 731 parti
809 677 1082 720 attribuenda
1111 678 1278 722 videtur
1308 695 1407 724 esse.

314 749 545 803 Utramque
577 747 717 791 Vitam
749 750 809 792 ad
836 751 1135 792 recensendum
1167 755 1323 794 temtum
1354 753 1663 808 primiqenium
1686 798 1690 804 ,

159 808 340 853 adhibui
385 812 425 852 et

302 843 360 932 13⁷,
393 894 520 934 quam
552 884 788 924 coartatam
815 880 1017 924 Surius
1048 878 1196 936 (1581)
1229 882 1336 937 VII,
1364 898 1409 937 p.
1435 887 1534 926 708.
1562 888 1662 938 709,

95 955 137 982 ao
160 944 200 984 et
229 954 281 984 ex
309 939 406 996 ipso
429 939 708 983 Barratis
734 937 895 996 (1613),
924 955 968 994 p,
993 945 1248 994 367—369,
1282 943 1493 997 inteqram
1525 948 1663 987 autem

158 999 440 1044 Mabillon
470 996 620 1056 (1668)
654 1000 773 1043 Saec.
799 1001 841 1054 I,
865 1015 913 1055 p.
938 1004 1204 1055 633—636,
1238 1002 1381 1056 edidit,
1415 1007 1453 1045 et

310 1081 355 1138 0,
382 1097 510 1138 quam
537 1098 565 1126 a
595 1083 846 1138 Roverio,
879 1083 1106 1138 ReomauS,
1139 1084 1331 1128 Parisiis
1356 1090 1480 1140 1637,
1505 1101 1552 1140 p.
1580 1091 1664 1129 1—

160 1148 231 1188 23.
257 1147 327 1188 70.
351 1148 420 1196 73,
454 1147 493 1187 et
516 1143 809 1198 Bollando,
843 1143 1031 1186 Ianuar.
1060 1144 1129 1197 II,
1154 1159 1201 1198 p.
1227 1149 1474 1200 856—863,
1508 1146 1663 1189 editam

160 1219 254 1248 cum
285 1203 423 1248 codice
454 1203 723 1246 Mettensi
754 1218 797 1246 n.
826 1207 921 1257 195,
955 1218 1062 1246 saec.
1096 1203 1213 1258 XI1,
1248 1206 1416 1247 contuli.

101 1303 136 1330 ιο
303 1287 500 1341 Denique
551 1287 600 1330 V.
649 1287 903 1330 Treverii
951 1286 1073 1342 (AA.
1119 1288 1199 1331 SS.
1243 1289 1344 1331 Ian.
1379 1289 1448 1343 II,
1487 1305 1535 1344 p.
1570 1289 1662 1343 33),

95 1369 100 1379 ·
160 1347 282 1392 cuius
321 1351 469 1390 auctor
499 1347 636 1390 Ionae
676 1347 832 1390 librum
879 1347 973 1390 dolo
1018 1347 1131 1390 malo
1177 1348 1394 1404 expilavit,
1442 1363 1530 1392 non
1572 1349 1665 1392 sine

161 1408 266 1451 bono
297 1407 442 1460 fructu
471 1406 536 1450 uti
568 1406 701 1450 lic-uit.

304 1479 475 1522 Horum
505 1478 794 1522 subsidiorum
825 1493 901 1535 ope
932 1478 990 1522 iis
1021 1479 1135 1533 locis,
1169 1479 1244 1534 qui
1275 1480 1406 1523 altero
1432 1480 1570 1524 codice
1601 1481 1665 1523 de-

159 1538 327 1594 ficiente
357 1538 438 1582 soli
476 1538 527 1581 in
566 1539 700 1582 altero
739 1539 947 1593 lequntur,
997 1539 1144 1582 *verba
1184 1554 1326 1582 errore
1359 1540 1666 1594 praetermissa

20 1636 21 1641 ,
100 1616 137 1642 20
161 1613 250 1643 non
278 1598 404 1642 semel
427 1598 620 1653 supplere
646 1598 779 1653 potui,
812 1613 921 1653 quae
945 1598 1119 1642 uncinis
1141 1598 1171 1654 [
1186 1598 1216 1653 ]
1238 1599 1395 1642 inclusi
1404 1615 1421 1654 ,·
1451 1615 1502 1643 ea
1527 1604 1666 1643 autem

97 1704 101 1708 ,
161 1673 269 1714 quae
307 1658 525 1713 scriptura
565 1658 720 1702 codicis
759 1658 802 1701 A
823 1663 845 1702 1
890 1663 1157 1702 evanescente
1197 1673 1249 1702 ex
1295 1659 1332 1703 G
1368 1664 1534 1703 tantum
1571 1660 1666 1703 erui

154 1722 368 1774 poterant,
410 1717 615 1772 inprimis
645 1717 695 1761 in
727 1718 1005 1773 praefatione
1037 1719 1328 1774 laterculoque,
1371 1719 1420 1762 in
1450 1734 1531 1774 quo
1563 1733 1665 1762 com-

155 1779 290 1834 plura
311 1777 498 1833 posteris
527 1777 791 1822 restituenda
815 1778 1060 1822 etiamnunc
1084 1783 1259 1833 restant,
1292 1779 1356 1822 ita
1380 1779 1561 1822 distinoei
1593 1778 1615 1806 f
1636 1777 1664 1821 ⁷.

316 1861 460 1905 Vitam
500 1861 718 1905 Iohannis
748 1861 1069 1917 primiqeniam,
1112 1862 1355 1905 examinato
1395 1862 1534 1905 codice
1563 1863 1608 1905 A
1630 1867 1664 1916 l,

102 1937 139 1964 25
163 1923 220 1966 F.
248 1922 283 1966 S
289 1925 340 1965 ἐὺ·
348 1922 450 1976 ber,
494 1920 606 1964 ‘Zur
637 1921 790 1964 Kritih
829 1923 906 1965 der
940 1922 988 1965 V.
1018 1922 1062 1965 S.
1090 1922 1304 1965 Iohannis
1336 1922 1664 1975 Reomaensis'2,

99 2007 102 2011 ·
165 1983 302 2026 Ionae
332 1981 458 2025 certis
488 1981 751 2036 arqumentis
782 1981 1060 2036 adiudicavit,
1094 1986 1217 2035 atque
1248 1996 1333 2036 qua
1362 1981 1667 2024 necessitudine

164 2057 257 2086 cum
289 2041 544 2085 editionibus
575 2041 823 2085 recentioris
854 2042 948 2085 aevi
988 2056 1039 2084 ea
1080 2042 1312 2095 cohaereat,
1358 2041 1528 2084 omnino
1559 2045 1668 2084 recte

164 2101 382 2157 emposuit,·
433 2101 570 2145 codice
621 2106 761 2145 autem
811 2101 1054 2156 imperfecto
1105 2115 1228 2154 usus,
1281 2116 1413 2156 neque
1463 2105 1668 2155 quantum

164 2161 391 2205 historiam
422 2161 792 2215 perscrutantibus
831 2161 910 2205 illa
944 2161 1152 2216 proficiat
1192 2161 1391 2204 divinare
1422 2174 1554 2214 neque
1584 2160 1668 2203 edi-

107 2237 142 2263 so
165 2221 320 2265 tionem
351 2220 544 2264 criticam
575 2235 744 2276 parare
777 2226 958 2277 poterat.
1023 2220 1241 2264 Incidenti
1271 2220 1379 2263 mihi
1408 2220 1456 2263 in
1489 2219 1669 2263 codicem

166 2282 207 2324 A
226 2286 253 2324 2
274 2285 497 2335 utrumque
520 2295 727 2335 reparare
748 2281 945 2324 successit
966 2281 1183 2334 defectum,
1217 2280 1522 2334 editionemque
1542 2293 1670 2334 quam

157 2341 321 2396 paravi
354 2341 597 2395 principem
638 2345 773 2384 textus
803 2341 847 2383 A
885 2341 991 2384 actis
1036 2339 1223 2383 instituti
1263 2339 1488 2382 Austriaci
1529 2337 1670 2390 (Mit-

166 2401 408 2456 theilunqen
439 2401 480 2443 d.
507 2400 708 2444 Instituts
737 2401 771 2454 f.
805 2400 1145 2444 osterreichische
1183 2399 1669 2453 Geschichtsforschunq'

170 2461 306 2516 XIV,
331 2475 378 2515 p.
403 2460 668 2516 411—-4-27)
701 2459 883 2503 inserui.
1222 2459 1280 2501 B.
1314 2458 1548 2502 Krusch.

108 2655 143 2682 35
170 2644 205 2688 1)
243 2644 363 2677 Vitam
389 2644 420 2679 Ο
449 2644 502 2678 ibi
535 2644 662 2687 hymni
697 2644 892 2688 missaeque
929 2644 971 2677 de
1005 2642 1164 2677 Iohanne
1201 2643 1381 2685 ipsiusque
1416 2641 1673 2675 translationes

167 2691 443 2737 subsequuntur,
469 2703 571 2736 quae,
598 2692 689 2734 folio
707 2693 835 2735 exciso,
861 2692 1010 2724 mutilae
1026 2692 1066 2724 in
1082 2691 1215 2725 verbis:
1242 2688 1512 2723 calamitatibus
1529 2687 1671 2723 christi-

164 2739 321 2774 anorum
346 2739 521 2776 desinunt.
572 2740 610 2774 Ε
639 2739 816 2774 codicibus
842 2739 884 2774 B.
913 2739 944 2771 (1
958 2739 1135 2782 plurimis
1164 2740 1316 2781 propter
1340 2740 1543 2770 vetustatem
1564 2747 1672 2781 prae-

168 2792 264 2822 terea
296 2789 593 2822 commemorandi
623 2792 708 2822 sunt
731 2787 1090 2821 Sinemurensts
1113 2796 1150 2820 n.
1171 2786 1190 2820 1
1216 2785 1284 2827 (cf.
1303 2784 1362 2819 ‘N.
1381 2783 1504 2820 Arch!
1522 2783 1672 2826 XVIII,

104 2850 107 2859 ·
163 2846 203 2879 p.
222 2836 406 2880 6158qq.),
433 2846 502 2880 quo
525 2835 699 2870 Roverius
725 2845 814 2869 usus
838 2839 898 2877 est,
934 2835 1076 2877 eiusque
1098 2833 1267 2876 yemellus
1291 2831 1559 2875 Vaticanus,
1586 2831 1671 2876 Ray.

106 2893 145 2920 40
166 2883 292 2919 christ.
318 2894 354 2919 n.
379 2884 463 2926 493,
497 2887 644 2927 uterque
676 2892 765 2918 saec.
791 2882 839 2917 X.
961 2881 1001 2926 2)
1026 2880 1109 2915 ‘SR
1135 2880 1200 2914 der
1227 2879 1428 2923 phiL-hist.
1457 2879 1577 2914 Classe
1611 2879 1676 2914 der

169 2931 315 2967 kaiserl.
343 2931 461 2967 Akad.
485 2931 519 2967 d.
547 2929 780 2973 Wissensch.’,
805 2928 1029 2963 vindobonae
1055 2929 1160 2971 1885,
1187 2927 1283 2970 CIX,
1306 2939 1342 2972 p.
1361 2928 1580 2966 319—398.

1691 1560 1735 1593 Ἴ».
1748 1561 1813 1589 ⁶05.
