2008 3302
453 701 724 766 VITAE
773 699 1316 765 COLUMBANI

216 792 551 847 ABBATIS
592 790 1342 926 ΒΙΞὲξΙΞῙᾷΙῖῗῗΠΜΩΠΕ
1383 792 1557 846 EIUS

28 1070 29 1073 Ἴ
272 1002 524 1060 'Ecclesiae
566 1015 825 1059 Gallicanae
864 1015 1065 1059 instituta
1106 1029 1152 1059 eo
1191 1015 1332 1070 mayis
1363 1030 1464 1059 aevo
1496 1015 1642 1059 Mero-

31 1083 41 1122 ;’
87 1091 106 1119 5
128 1074 298 1131 vinyico
328 1089 541 1119 senescere
571 1075 840 1130 videbantur,
873 1089 954 1130 quo
975 1075 1130 1130 populi
1154 1074 1356 1130 decrepiti
1379 1075 1430 1118 in
1456 1075 1642 1119 deterius

127 1136 405 1179 mutabantur
434 1149 584 1189 mores,
627 1149 760 1189 neque
801 1134 1056 1191 cupiditates
1096 1135 1312 1178 humanas
1343 1134 1527 1178 concilia
1558 1135 1640 1190 epi-

127 1194 292 1249 scopive
322 1209 510 1239 coercere
539 1195 750 1249 valebant,
795 1195 870 1238 sed
898 1194 1042 1238 inulta
1077 1195 1326 1249 plerumque
1359 1194 1641 1249 patiebantur

126 1253 303 1309 flaqitia
332 1254 600 1307 foedissima.
652 1254 907 1308 Disciplina
931 1254 1068 1309 iqitur
1087 1254 1372 1298 ecclesiastica
1391 1255 1485 1307 fere
1510 1254 1640 1298 disso-

127 1313 219 1358 luta
249 1317 354 1368 erat,
387 1328 521 1368 neque
551 1315 813 1369 neqleyentes
837 1314 1028 1357 timorem
1054 1314 1265 1357 habebant
1295 1327 1427 1368 neque
1458 1314 1640 1357 studiosi

69 1391 104 1417 ιο
126 1373 424 1417 incitabantur
435 1374 464 1415 ¹.
519 1373 650 1417 Sedes
680 1373 935 1428 episcopales
964 1373 1198 1416 senatoriis
1225 1378 1390 1416 tantum
1421 1373 1639 1416 nobiliori-

127 1434 283 1488 busque
311 1433 499 1486 familiis
520 1433 739 1487 patebant,
768 1432 956 1488 pecunia
987 1434 1092 1476 data
1122 1433 1241 1476 haud
1266 1447 1371 1476 raro
1403 1432 1639 1488 acquisitae

127 1494 182 1538 ab
220 1492 291 1548 iis,
333 1492 410 1548 qui
448 1494 509 1536 ad
548 1492 741 1536 ordinem
781 1492 1003 1547 quemlibet
1041 1492 1182 1547 maqis
1213 1492 1474 1548 praeparati
1514 1497 1640 1536 erant

127 1566 255 1608 quam
285 1554 346 1596 ad
373 1552 716 1596 ecclesiasticum.
777 1552 985 1608 Episcopi
1019 1552 1156 1607 iqitur
1186 1552 1320 1596 creati
1350 1567 1479 1607 quam
1511 1557 1639 1596 antea

127 1613 333 1668 deqerant
355 1612 665 1656 continuabant
691 1612 824 1656 vitam
849 1626 994 1667 neque,
1027 1612 1139 1655 sicut
1169 1612 1404 1656 canonibus
1435 1617 1638 1656 statutum

47 1683 104 1716 ἰε
124 1676 232 1727 erat,
271 1672 478 1728 uxoribus
516 1686 682 1729 semper
712 1671 984 1716 abstinebant
1020 1686 1154 1727 neque
1185 1676 1331 1727 stupro
1371 1672 1639 1727 flagitiisque

126 1730 359 1786 eiusmodi:
394 1731 568 1776 clericos
599 1737 739 1775 autem
769 1731 958 1776 subditos
989 1731 1168 1786 exempli
1191 1732 1373 1786 pessimi
1403 1732 1638 1786 diliqentis-

126 1791 256 1835 simos
284 1791 421 1846 fuisse
451 1796 674 1835 sectatores
712 1806 802 1835 non
841 1796 902 1835 est
932 1793 1045 1846 quod
1072 1792 1261 1835 mireris.
1326 1793 1444 1836 Sane
1474 1792 1639 1835 honesti

125 1865 287 1907 quoque
317 1851 635 1907 laudabilesque
674 1851 790 1895 inter
819 1851 1032 1918 episcopos
1072 1851 1167 1895 aevi
1196 1851 1318 1895 illius
1348 1851 1635 1918 reperiuntur,

126 1912 177 1955 de
215 1925 263 1955 re
302 1911 586 1955 ecclesiastica
627 1911 779 1966 optime
814 1911 971 1966 meriti,
1012 1913 1088 1955 sed
1115 1911 1260 1955 minus
1291 1911 1436 1954 idonei
1467 1916 1543 1955 aut
1573 1911 1637 1954 in·

37 1978 43 1983 ’
66 1987 102 2014 20
126 1969 250 2026 diyni
261 1972 583 2026 praevalebant,
604 1985 783 2038 quorum
795 1971 943 2027 pluris
957 1971 1167 2015 intererat
1181 1972 1350 2024 fructus
1362 1972 1638 2025 praebendae

125 2044 286 2085 capere,
312 2037 442 2086 quam
466 2046 572 2075 cura
597 2031 846 2074 animarum
870 2031 998 2086 funqi
1023 2031 1351 2098 delictorumque
1372 2030 1634 2074 coercitione.

128 2089 422 2146 ‘Neqleyentia
450 2090 588 2146 iqitur
607 2091 862 2146 praesulum
889 2090 1115 2146 reliyionis
1144 2090 1282 2133 virtus
1303 2105 1446 2145 paene
1477 2090 1637 2133 abolita

125 2149 370 2194 habebatur'
384 2151 412 2204 ²,
460 2154 584 2205 atque
628 2150 740 2194 vitae
787 2150 1051 2194 christianae
1097 2151 1331 2204 exemplum
1375 2149 1636 2193 imitandum

125 2223 258 2264 neque
287 2209 402 2253 inter
433 2209 607 2253 clericos
637 2224 770 2264 neque
799 2210 914 2253 inter
939 2209 1072 2254 laicos
1103 2210 1395 2264 reperiebatur
1425 2209 1516 2252 nisi
1539 2223 1635 2263 per-

66 2285 100 2312 25
125 2283 243 2313 raro.
305 2269 395 2312 Res
431 2269 688 2313 coenobialis
728 2271 869 2312 eodem
908 2271 1030 2312 modo
1060 2270 1247 2324 neqlecta
1276 2269 1453 2323 iacebat,
1494 2268 1560 2312 ita
1589 2273 1638 2311 ut

125 2343 179 2372 ne
209 2328 420 2373 Lerinum
460 2329 629 2384 quidem
665 2329 971 2372 monasterium
1010 2329 1123 2373 illud
1161 2328 1476 2373 celeberrimum
1506 2342 1635 2383 quam

117 2402 201 2444 per
231 2389 401 2444 lonyum
432 2388 632 2443 temporis
662 2388 848 2443 spatium
876 2388 1117 2432 obtinuerat
1139 2392 1427 2432 conservasset
1455 2387 1636 2431 auctori-

125 2452 264 2503 tatem,
312 2448 549 2504 disciplina
588 2450 737 2491 laxata
776 2449 970 2503 reyulari
983 2450 1011 2490 3.
1085 2448 1352 2492 Litterarum
1392 2447 1636 2492 liberalium

125 2508 325 2562 studium,
357 2510 471 2562 quod
500 2523 552 2551 ex
581 2508 759 2552 urbibus
775 2510 780 2516 '
796 2508 1042 2552 Gallicanis
1073 2509 1268 2552 decedere
1299 2523 1392 2552 cum
1427 2507 1636 2562 Greqorio

66 2583 101 2610 so
130 2568 371 2611 Turonensi
422 2570 786 2623 conquerebantur
828 2568 1024 2623 plerique
1035 2569 1066 2623 4,
1118 2572 1300 2612 vertente
1346 2568 1512 2610 saeculo
1554 2567 1634 2611 VI.

127 2696 164 2742 1)
200 2697 412 2732 columbam·
444 2708 496 2741 ep.
522 2697 575 2741 II,
612 2697 700 2733 ΜΘ.
727 2697 798 2742 Ep.
824 2697 900 2741 III,
930 2709 971 2741 p.
997 2699 1076 2734 160.
1222 2698 1260 2742 2)
1292 2697 1333 2733 V.
1362 2695 1516 2732 columb.
1543 2695 1574 2739 I,
1600 2697 1634 2732 5.

125 2745 163 2789 3)
201 2745 262 2778 Ib.
286 2745 339 2788 II,
368 2747 408 2785 1‚·
442 2746 491 2787 cf.
516 2745 581 2781 SS.
606 2745 653 2781 R.
678 2746 875 2789 Merovinq.
901 2745 977 2788 III,
1006 2757 1046 2789 p.
1070 2747 1152 2781 434.
1274 2745 1311 2788 4)
1351 2745 1470 2787 Greq„
1507 2742 1634 2785 Praef.

125 2792 208 2829 hist.
233 2793 313 2837 Fr„
349 2793 413 2828 SS.
440 2793 486 2829 R.
513 2793 646 2827 Merov.
671 2793 703 2836 I,
725 2805 765 2838 p.
788 2795 855 2833 31‚·
887 2794 935 2835 of.
964 2793 1006 2829 G.
1033 2793 1270 2836 Kaufmann,
1297 2791 1635 2825 ‘Rhetownschulen

125 2841 201 2874 und
225 2839 516 2875 Klosterschulen
551 2841 638 2874 oder
665 2841 868 2875 heidnische
902 2841 979 2875 und
1012 2841 1216 2875 christliche
1250 2840 1379 2874 Cultur
1413 2840 1453 2872 in
1489 2838 1635 2872 Gallien

67 2897 101 2924 85
126 2887 298 2922 wahrend
322 2889 382 2922 des
408 2890 441 2925 5.
469 2889 544 2922 und
569 2890 603 2925 6.
621 2888 773 2925 Jahrh!
798 2891 848 2933 (v.
869 2889 1043 2932 Raumer,
1069 2888 1222 2926 ‘Histon
1246 2886 1508 2921 Taschenbuch’
1528 2887 1634 2929 1869,

126 2946 162 2979 p.
182 2937 256 2979 79).

196 3007 293 3035 Ionas.
1373 2995 1392 3030 1

1666 1001 1884 1032 *SS.B.Merov.

1702 1039 1798 1072 1731).
1811 1041 1835 1068 1.
