2008 3302
405 258 477 293 300
730 253 899 299 IONAS,
915 253 1046 291 VITA
1063 253 1315 290 VEDASTIS
1340 254 1586 292 EPISGOPI.

405 381 508 430 erat,
542 376 616 430 qui
647 376 743 418 licet
770 375 936 418 mendis
956 375 1223 430 hiatibusque
1244 390 1332 419 non
1363 381 1518 431 careat,
1551 381 1692 421 tamen
1722 377 1908 433 reliquos

404 437 525 490 lonqe
563 440 747 489 superat.
810 434 943 478 Liber
979 435 1091 478 enim
1122 437 1166 478 A
1185 442 1209 478 2
1252 436 1371 479 haud
1407 450 1511 480 raro
1551 436 1615 480 ita
1653 441 1908 481 retractatus

404 500 474 548 est,
501 499 548 537 ut
572 494 745 537 omnino
771 494 941 537 diversa
957 495 1174 549 praebeat,
1207 499 1247 538 et
1265 495 1308 537 A
1323 500 1391 539 3a.
1410 498 1446 539 b.
1465 511 1498 550 c,
1531 511 1552 539 e
1572 497 1726 551 quibus
1745 496 1867 540 Aah.
1884 512 1907 541 c

395 554 710 609 propinquiore
741 554 961 607 affinitate
991 554 1104 597 inter
1128 570 1171 598 se
1203 555 1416 598 coniuncti
1446 560 1556 610 sunt,
1588 570 1640 599 ex
1669 558 1810 600 eodem
1840 571 1906 600 εω-
1987 555 2008 606 “,

403 614 584 668 emplari
622 614 875 668 interpolato
922 614 1148 669 bianthue
1191 617 1386 669 pendent.
1465 615 1758 660 Consentiente
1795 616 1906 660 libro
1929 633 1948 660 ε
1996 663 1999 666 ,

402 674 445 715 A
470 679 521 716 la
553 688 646 716 cum
671 674 714 715 A
732 679 771 727 2,
804 688 907 717 vera
938 674 1056 717 lectio
1087 689 1175 717 non
1206 689 1367 729 semper
1397 675 1588 728 efficitur
1601 676 1629 730 ¹,
1661 689 1794 731 neque
1823 677 1904 720 cal-

259 748 378 781 *p.402.
403 734 494 776 culo
533 733 578 775 B
615 733 789 787 adiecto,
837 747 906 776 res
951 733 1104 788 ubique
1153 733 1373 789 deciditur,
1422 749 1515 778 cum
1561 734 1665 778 libri
1704 733 1764 778 *A
1780 740 1822 779 2.
1861 735 1906 779 Β

400 792 567 835 mendis
597 793 819 847 inquinati
850 807 936 836 esse
966 793 1195 837 videantur
1224 793 1419 837 iisdem.
1390 796 1406 821 ²
1482 794 1684 838 Attamen
1718 795 1904 862 plerum-

401 866 479 906 que
519 852 714 895 lectiones
745 852 902 896 codicis
932 853 975 895 A
1002 858 1054 895 la
1087 854 1224 896 altera
1263 854 1517 908 recensione,
1558 854 1766 910 inprimis
1795 859 1904 899 vetu-

400 912 584 954 stissimo
616 912 753 955 codice
784 912 829 955 Β
851 918 885 966 1,
927 914 1065 966 confir
1065 918 1251 967 mantur,
1295 928 1388 956 cum
1418 913 1697 968 interpolator
1725 914 1905 959 stolidus
1929 931 1994 977 ιο«Ι

399 986 487 1014 non
525 973 659 1014 multa
698 972 986 1015 immutaverit
1023 977 1099 1015 aut
1129 972 1347 1016 addiderit
1377 978 1453 1016 aut
1483 973 1682 1028 omiserit,
1715 976 1791 1018 sed
1818 978 1903 1019 tra-
1985 995 1993 1011 υ

399 1031 491 1074 dita
530 1032 621 1084 fere
651 1032 895 1086 servaverit,
928 1037 1052 1086 atque
1082 1033 1211 1075 etiam
1241 1047 1348 1087 quae
1379 1033 1448 1077 hic
1477 1033 1568 1088 ipse
1598 1034 1711 1077 solus
1740 1034 1906 1078 exhibet

396 1091 682 1145 qrammatica
713 1066 924 1134 nonnulla
954 1093 1235 1146 approbanda
1266 1097 1412 1136 erant:

483 1166 516 1194 c.
544 1156 580 1192 1.
615 1166 843 1207 quamque
875 1149 1029 1208 finem]
1064 1156 1171 1195 recte
1201 1152 1246 1194 Β
1271 1157 1312 1204 1;
1356 1153 1412 1205 cf.
1449 1167 1582 1207 supra
1614 1167 1660 1208 p.
1695 1158 1794 1209 291,
1819 1158 1903 1208 24,-

481 1226 514 1253 c.
539 1216 579 1253 9.
613 1213 671 1254 ad
704 1208 788 1267 vir]
822 1216 930 1254 recte
953 1227 1025 1266 pr.
1058 1226 1111 1254 m.
1145 1211 1251 1264 Β1;
1287 1212 1342 1265 cf.
1374 1226 1508 1266 supra
1528 1227 1582 1269 p.
1605 1217 1676 1256 57.
1926 1228 1983 1256 ιιιΓ

398 1271 458 1313 In
488 1270 597 1324 ipsis
622 1270 961 1326 orthoqraphicis
983 1271 1026 1313 A
1050 1278 1114 1314 la.
1140 1272 1186 1314 Β
1207 1277 1226 1313 1
1257 1286 1578 1327 nonnumquam
1603 1273 1858 1318 conveniunt
1869 1274 1903 1329 ⁸;

398 1330 736 1384 discrepantibus
775 1345 873 1373 cero
913 1331 1065 1374 iisdem
1103 1331 1218 1374 inter
1248 1346 1302 1385 se,
1346 1332 1503 1375 codicis
1533 1332 1577 1375 A
1597 1337 1652 1376 la
1686 1333 1902 1378 scribendi

396 1390 606 1433 rationem
652 1391 702 1433 in
746 1390 992 1433 universum
1037 1391 1370 1458 anteposuimus,
1428 1392 1611 1448 exceptis
1655 1392 1902 1437 lectionibus

396 1451 639 1506 inperavib,
668 1451 934 1507 prophanis
959 1452 1203 1503 beatisimi,
1227 1451 1423 1505 omnique
1443 1451 1650 1495 eiusmodi
1669 1466 1902 1509 suppressa
1993 1494 1995 1505 ⁴

396 1509 702 1564 discrepantia.
765 1510 997 1553 Praeterea
1027 1510 1224 1553 lectiones
1253 1510 1474 1554 variantes
1504 1526 1556 1554 ex
1584 1516 1761 1567 utroque
1790 1512 1900 1556 libro
1924 1527 1962 1555 ιο
1994 1531 1995 1553 1

388 1570 544 1622 plenas
587 1569 895 1624 adnotavimus,
944 1570 1132 1613 codicum
1175 1575 1315 1614 autem
1355 1570 1615 1625 reliquorum
1651 1571 1900 1627 peculiaria

396 1628 569 1683 sinqula
600 1629 910 1695 suppressimus
941 1634 980 1672 et
1009 1630 1053 1672 A
1075 1631 1135 1683 lb,
1182 1629 1338 1673 codicis
1368 1631 1412 1673 A
1433 1637 1486 1673 la
1517 1631 1700 1698 affinem
1730 1633 1898 1687 deqene-

394 1703 419 1730 r
420 1693 549 1742 atum,
598 1689 685 1731 nisi
730 1703 833 1731 raro
879 1703 967 1732 non
1014 1664 1315 1733 consuluimus.
1386 1690 1558 1734 Codices
1603 1691 1693 1746 ipse
1737 1692 1899 1735 contuli
1970 1727 1972 1729 .

385 1763 446 1802 pr
448 1752 562 1791 aeter
587 1748 796 1803 payinam
817 1749 920 1791 libri
941 1749 984 1791 A
1002 1754 1027 1791 2
1054 1763 1198 1792 errore
1220 1765 1248 1792 a
1269 1764 1334 1793 me
1360 1750 1723 1806 praetermissam,
1755 1765 1896 1806 quam,

393 1807 672 1851 intercedente
703 1808 896 1851 Henrico
933 1809 1086 1852 Omont
1114 1824 1152 1851 v.
1186 1824 1233 1863 c.,
1276 1824 1304 1851 a
1342 1809 1552 1854 Guissard
1582 1810 1898 1855 bibliothecario
1921 1825 1991 1855 ι

393 1868 705 1911 Aurelianensi
737 1869 932 1911 collatam
964 1869 1107 1923 accepi
1118 1883 1133 1920 ,·
1164 1870 1223 1911 ad
1245 1883 1313 1912 eos
1333 1869 1484 1923 quibus
1515 1869 1616 1913 oli-m
1644 1884 1749 1914 usus
1777 1884 1898 1914 eram

392 1941 507 1970 nunc
538 1927 699 1971 accedit
729 1929 856 1970 codex
885 1928 931 1971 Β
949 1934 1006 1971 3a
1037 1943 1065 1971 a
1095 1929 1163 1972 W.
1190 1928 1378 1972 Levison
1417 1929 1556 1973 sodali
1585 1944 1675 1974 meo
1705 1931 1896 1975 collatus.

535 2000 620 2042 Du
659 1999 830 2043 Ohesn
843 2014 875 2054 e,
923 2000 1151 2043 Historiae
1192 2001 1467 2044 Francorum
1511 2001 1738 2056 scriptores
1783 2015 1897 2046 coae-
1970 2054 1972 2058 Ι

391 2059 520 2112 tanei,
563 2059 754 2102 Parisiis
789 2063 914 2114 1636,
957 2065 1051 2103 tom.
1087 2061 1126 2114 Ι,
1164 2075 1210 2114 p.
1240 2065 1339 2102 523.
1374 2065 1473 2115 524,
1517 2061 1640 2104 Vitae
1674 2065 1844 2118 partem
1875 2076 1898 2106 e
1972 2091 1974 2095 ν

391 2118 529 2162 codice
559 2119 604 2161 Β
621 2124 677 2162 2α
703 2119 868 2175 publici
897 2119 1011 2162 iuris
1041 2120 1154 2173 fecit.
1212 2121 1361 2163 Totum
1391 2135 1488 2163 vero
1519 2121 1675 2164 librum
1921 2129 1965 2164 st·-

541 2190 594 2234 G.
618 2192 673 2233 H
678 2191 1017 2245 enschenius,
1044 2192 1156 2235 Acta
1179 2192 1446 2246 Sanctorum,
1478 2193 1742 2248 Antverpiae
1766 2197 1894 2249 1658,

390 2250 519 2292 Febr.
552 2255 647 2292 tom.
671 2251 711 2304 Ι,
737 2266 784 2305 p.
809 2255 893 2293 792
909 2255 1053 2294 ——794
1089 2251 1168 2306 (z
1197 2251 1590 2308 Gbesquierus,
1624 2254 1738 2296 Acta
1763 2253 1895 2297 Sanc-

389 2313 527 2352 torum
573 2310 721 2363 Bel-aii
762 2315 887 2365 1784,
931 2311 1002 2365 ΙΙ,
1048 2326 1092 2367 p.
1128 2311 1343 2366 38-—42)
1382 2312 1556 2366 primus
1601 2313 1745 2366 edidit,
1791 2327 1896 2357 usus

390 2369 601 2412 codicibus
631 2370 676 2412 Β
694 2375 719 2411 3
753 2375 791 2413 et
821 2370 1003 2414 editione
1028 2373 1317 2425 praecedente.

532 2441 593 2484 H.
627 2456 664 2483 v.
700 2441 978 2496 Schubert,
1013 2441 1113 2485 ‘Die
1148 2443 1479 2498 Unterwerfuny
1509 2444 1586 2487 der
1615 2444 1894 2488 Alamannen
1918 2457 1962 2486 ⁸⁵v

387 2504 513 2543 unter
534 2500 602 2543 die
623 2501 859 2556 Franken',
892 2502 1174 2556 Aryentorati
1201 2507 1326 2557 1884,
1351 2518 1398 2557 p.
1424 2507 1678 2558 210—222,
1712 2504 1893 2548 codicem

388 2560 433 2602 Β
454 2565 473 2605 1
508 2560 838 2614 imprimendum
870 2561 1050 2604 curavit.

389 2737 424 2781 1)
450 2737 505 2780 Cf.
522 2748 549 2773 ο.
570 2740 607 2773 7:
631 2737 706 2772 ritu
722 2736 937 2783 sacrificata]
955 2739 1046 2780 rell,
1071 2742 1111 2772 ut
1127 2749 1264 2782 supra;
1288 2738 1363 2773 ritu
1380 2741 1523 2774 sacrata
1540 2741 1572 2774 A
1585 2742 1642 2776 la.
1659 2742 1693 2777 2.
1766 2741 1804 2785 2)
1835 2740 1889 2785 Cf.
1966 2748 1973 2762 '¹

387 2795 414 2820 c.
436 2787 472 2821 1:
499 2785 640 2831 verum]
668 2787 709 2820 ut
734 2797 818 2819 oum
841 2787 926 2825 A2;
951 2788 1075 2820 utrum
1095 2797 1158 2830 pr.
1182 2798 1226 2822 m.
1252 2788 1334 2827 B1‚·
1359 2798 1385 2823 c.
1405 2789 1443 2823 2:
1471 2788 1517 2821 ab
1540 2787 1708 2833 utroque]
1737 2789 1839 2824 Ala.
1857 2788 1889 2823 b.
1959 2787 1962 2790 ’

387 2832 442 2868 3b.
461 2843 500 2873 c;
535 2832 637 2878 (h)ac
671 2845 704 2867 u.
743 2834 819 2869 A2.
855 2834 1058 2870 B1.2a.b.
1182 2837 1219 2878 3)
1259 2834 1302 2870 E.
1329 2846 1386 2878 qr.
1422 2835 1715 2880 caeleberrimae,
1749 2835 1888 2880 caelen
1992 2854 1993 2858 =

387 2880 603 2961 ιέὶεςίοῃίες
639 2881 781 2926 faverit,
812 2881 1039 2926 properarit3
1077 2880 1217 2927 aurire3
1253 2882 1542 2927 commitaretm,
1577 2882 1758 2918 fen-ocem
1781 2884 1817 2918 A
1832 2886 1888 2920 la.

436 2930 467 2964 1.
