2008 3302
439 261 609 308 IONAS,
626 262 791 299 VITAE
818 261 1128 298 COLUMBANI
1152 262 1298 299 LIBRI
1323 263 1375 301 11.
1640 266 1664 301 5

150 384 306 440 quique
357 384 522 428 sciuros
581 398 633 428 ex
683 384 836 428 arduis
887 386 1090 428 arborum
1143 385 1399 429 culminibus
1449 400 1662 430 arcessere

143 443 343 499 potuerit,
376 459 480 499 quos
511 445 614 488 collo
644 444 886 499 imponebat
915 449 991 487 aut
1019 444 1120 488 sinu
1151 444 1384 501 recipiebat
1397 446 1425 488 ¹.

307 504 406 548 Vita
444 503 647 548 solitaria
679 505 914 548 Scottorum
946 503 1124 558 piorum
1163 505 1238 548 ubi
1277 504 1327 548 in
1366 505 1531 549 vicinia
1562 519 1661 560 per-

26 602 41 615 „
151 563 354 618 crebruit,
407 565 557 619 vulqus
606 563 795 618 undique
840 578 886 607 eo
933 565 1148 616 confluere
1194 564 1327 619 coepit
1372 569 1411 608 et
1456 565 1662 621 inprimis

18 617 43 688 '52'ae
103 640 127 668 ο
150 622 270 679 aeqri
315 623 565 678 infirmique
611 625 659 667 ob
705 623 933 666 sanitatem
971 626 1310 678 recuperandam
1354 624 1661 668 Columbanum

148 682 489 738 frequentabant,
532 683 607 738 qui
647 682 914 726 orationibus
953 683 1044 727 suis
1080 698 1224 727 omnes
1254 698 1426 727 curasse
1457 685 1617 729 dicitur
1630 687 1658 727 2.

155 741 341 797 Cumque
370 743 498 786 etiam
528 743 831 787 monachorum
861 742 1038 787 societas
1067 743 1116 786 in
1148 743 1260 787 diem
1291 749 1492 788 cresceret
1522 745 1658 788 multi-

149 802 417 857 tudinemque
437 803 551 846 locus
571 803 663 856 fere
679 817 830 859 capere
850 802 1055 857 nequiret,
1078 807 1253 847 sanctus
1273 805 1333 847 ad
1351 804 1658 848 monasterium

148 864 474 907 construendum
504 862 776 907 Luxovium3
807 867 993 914 castrum
1024 863 1148 918 eleyit
1178 863 1296 907 circa
1327 868 1415 907 octo
1445 864 1571 907 milia
1602 866 1656 908 ab

8 934 10 970 ζ
35 932 51 980 '.,
85 939 124 966 ιο
146 921 372 977 Anayrate
412 922 593 977 distans,
636 923 790 966 *locum
821 922 980 966 scilicet
1018 923 1371 978 opportuniorem,
1413 924 1487 967 ubi
1517 938 1655 978 aquae
1682 939 1697 956 *

147 981 314 1026 calidae
352 983 465 1026 cultu
504 982 660 1026 eximio
706 986 970 1026 constructae
1014 984 1227 1037 eoetabant,
1275 997 1384 1038 quae
1428 998 1558 1038 usque
1603 984 1654 1027 in

145 1041 397 1086 hodiernum
443 1042 555 1086 diem
600 1043 942 1096 frequentantur.
1019 1041 1187 1086 Novum
1238 1043 1544 1087 monasterium
1590 1045 1654 1087 vel

145 1101 352 1146 nobilium
381 1101 517 1156 liberi,
560 1101 804 1157 contemptis
834 1101 1066 1146 honoribus
1097 1117 1334 1158 pompaque
1364 1103 1535 1158 saeculi,
1577 1119 1653 1147 un-

144 1160 271 1215 dique
301 1163 513 1216 petebant,
556 1166 779 1216 tantusque
807 1162 950 1215 factus
980 1167 1042 1205 est
1070 1162 1378 1217 discipulorum
1409 1177 1651 1218 concursus,

79 1236 120 1266 1⁶
144 1219 219 1275 qui
259 1221 390 1267 cultui
430 1221 653 1276 religionis
691 1236 735 1265 se
775 1222 925 1265 dedere
965 1222 1277 1277 desiderabant,
1318 1227 1366 1265 ut
1394 1238 1528 1266 unum
1570 1238 1652 1266 mo-

142 1281 377 1324 nachorum
409 1281 627 1336 colleqium
651 1281 742 1324 iam
766 1280 943 1325 minime
963 1282 1193 1335 sufficeret.
1253 1284 1396 1337 Quare
1417 1284 1503 1326 loco
1525 1283 1652 1338 aquis

142 1339 310 1395 irriyuo
332 1341 618 1384 Columbanus
639 1342 820 1384 alterum
842 1341 1080 1384 construxit
1098 1342 1404 1385 monasterium
1422 1343 1652 1386 Fontanas

141 1399 312 1444 nomine
335 1414 433 1443 mox
455 1401 560 1444 adeo
585 1401 751 1454 celebre,
783 1405 832 1443 ut
855 1415 936 1455 per
962 1405 1017 1443 60
1047 1401 1239 1454 fratres4
1269 1402 1369 1456 aqri
1400 1403 1649 1445 colerentur.

151 1459 382 1515 Utrumque
412 1475 505 1503 cum
534 1460 625 1504 iam
655 1475 770 1503 unus
796 1462 1039 1515 yubernare
1063 1461 1269 1515 nequiret,
1294 1461 1564 1516 praepositos
1586 1462 1650 1505 in-

16 1516 37 1558 ’.
78 1535 118 1563 ιο
141 1518 279 1563 stituit
336 1520 541 1575 reliqione
603 1520 871 1575 conspicuos,
930 1520 1021 1575 ipse
1082 1526 1224 1564 autem
1278 1521 1651 1566 administrationi

139 1593 360 1635 supremae
379 1579 649 1635 inviqilabat,
670 1581 793 1623 modo
809 1580 878 1624 liic
897 1582 1019 1624 modo
1040 1581 1132 1624 illic
1151 1586 1355 1636 versatus,
1378 1582 1650 1649 requlamque

140 1639 201 1683 ad
228 1639 504 1694 disciplinam
533 1639 836 1684 stabiliendam
866 1640 1069 1692 condidit,
1102 1655 1210 1708 quae
1241 1642 1381 1685 adhuc
1412 1642 1567 1685 extat5.

286 1696 418 1743 Scotti
461 1699 530 1743 illi
569 1699 759 1755 piscatui
803 1700 1060 1744 insistebant
1105 1701 1153 1744 in
1198 1701 1349 1754 fluviis
1393 1701 1583 1756 rivisque
1628 1717 1650 1745 e

73 1759 82 1773 ³
150 1759 316 1814 Vosayo
337 1760 659 1803 decurrentibus
673 1761 873 1815 Mosella,
895 1760 1082 1815 Brusca,
1100 1761 1309 1816 Liqnone,
1332 1776 1465 1816 neque
1487 1762 1649 1805 Colum

77 1833 118 1867 3⁶
141 1819 279 1864 banus
308 1833 492 1862 eremum
522 1819 644 1863 solito
674 1834 789 1863 more
820 1825 859 1863 et
888 1835 1208 1875 nonnumquam
1236 1836 1323 1878 per
1355 1826 1411 1864 50
1445 1822 1536 1865 dies
1565 1823 1649 1876 fre-

140 1883 351 1934 quentans
370 1883 534 1922 tenuem
553 1879 708 1923 victum
730 1880 926 1935 piscibus
947 1880 1091 1935 aliquo
1115 1883 1237 1925 modo
1263 1881 1436 1926 condire
1458 1886 1649 1936 praeter-

139 1937 340 1993 mittebat,
385 1939 603 1983 occasione
634 1941 780 1983 data.
751 1941 767 1965 ⁶
851 1940 956 1984 Cum
996 1945 1136 1984 autem
1175 1941 1317 1985 maior
1346 1942 1650 1985 monachorum

140 2012 344 2042 numerus
373 1999 423 2042 in
452 1999 576 2043 silvis
605 1999 720 2043 aviis
749 2000 982 2044 sustentari
1012 2000 1216 2055 nequiret,
1258 2002 1392 2044 solum
1427 2001 1647 2056 incultum,

141 2058 276 2102 caesis
305 2059 542 2114 arboribus,
585 2074 613 2102 a
643 2059 864 2103 radicibus
894 2060 1189 2115 lapidibusque
1213 2062 1495 2116 purqandum
1526 2066 1650 2116 atque

77 2133 118 2181 ,3⁵⁰
141 2117 431 2184 ayriculturae
476 2120 714 2175 aptandum
761 2133 809 2163 er
810 2124 866 2163 at.
952 2121 1140 2174 Quercus
1185 2125 1390 2175 vetustas,
1443 2121 1651 2164 immissis

141 2178 286 2222 cuneis
317 2178 614 2233 arietibusque,
655 2179 818 2232 fratres
848 2179 898 2222 in
929 2180 1042 2222 saltu
1071 2195 1233 2235 maqna
1262 2180 1307 2223 vi
1331 2181 1648 2235 partiebantur,

139 2236 204 2282 ita
234 2242 282 2280 ut
310 2237 578 2282 mirarentur
607 2240 866 2282 adstantes.
841 2239 855 2264 ⁷
930 2240 1112 2292 Manus,
1153 2255 1206 2283 ne
1246 2241 1354 2283 duro
1394 2242 1537 2284 labore
1568 2242 1649 2285 Ζαε-

141 2298 362 2352 derentur,
423 2297 711 2342 Oolumbanus
770 2299 1018 2353 tequmentis
1069 2300 1302 2354 operiebat,
1363 2314 1471 2355 quae
1528 2301 1651 2345 Galli

141 2361 306 2401 wantos
335 2358 567 2413 vocabant,·
612 2359 898 2402 calceamenta
938 2363 1077 2402 autem
1118 2375 1140 2403 e
1181 2360 1295 2404 corio
1335 2361 1455 2414 facta
1485 2361 1652 2414 ferebat

77 2431 118 2465 »ο
141 2416 339 2461 cervino4
369 2417 550 2472 alioque.
617 2419 798 2462 Terram
828 2419 992 2472 fratres
1021 2421 1192 2463 sarculo
1223 2421 1466 2464 excolebant
1492 2422 1651 2476 ylebas-

119 2490 220 2532 =que
249 2491 404 2532 mayno
435 2478 579 2521 labore
608 2478 870 2533 scindebant,
917 2482 965 2522 ut
1004 2493 1113 2523 arva
1145 2479 1298 2523 semini
1338 2481 1486 2533 futuro
1525 2496 1650 2535 prae-

132 2541 348 2591 pararent
359 2538 389 2579 4.
451 2537 567 2592 Aqri
606 2538 887 2591 frumentarii
927 2553 1030 2593 quos
1061 2554 1196 2594 prope
1236 2541 1500 2584 monasteria
1529 2541 1651 2584 insti-

140 2597 314 2651 tuebant
351 2597 548 2652 saepibus
585 2597 744 2641 muniti
783 2602 822 2642 et
855 2599 1040 2652 fortasse
1071 2599 1230 2654 paucis
1260 2600 1420 2643 casulis
1449 2600 1652 2644 instructi

16 2704 22 2710 Q
141 2669 171 2699 a
202 2656 317 2700 Iona
349 2656 539 2701 calmina
564 2658 848 2713 appellantur,
880 2658 1019 2713 iisque
1048 2660 1113 2702 vel
1143 2659 1322 2703 nomina
1352 2660 1496 2703 indita
1527 2665 1652 2704 erant

19 2771 22 2774 ,
77 2730 118 2777 ρο
141 2715 251 2759 talia
297 2716 447 2770 qualia
492 2717 755 2761 Baniaritia
770 2718 796 2772 ⁷,
845 2718 1241 2774 Fredemunyiacas
1254 2720 1284 2762 4.
1356 2721 1433 2763 Ad
1477 2724 1651 2775 seqetem

6 2779 27 2854 ἰ),
141 2777 377 2819 metendam
416 2777 578 2830 fratres
617 2777 703 2832 ipsi
743 2779 846 2821 duce
885 2778 1144 2822 Columbano
1188 2794 1231 2823 se
1277 2794 1323 2822 eo
1365 2780 1650 2834 conferebant,

9 2421 33 2487 9422,
8 1991 39 2404 Q'maw-'tmzaeamsszjt
10 1968 30 1974 ⁴,
15 1891 37 1898 j
15 1869 21 1877 ·
16 1670 37 1682 -z
15 1630 29 1658 <ar-
34 1599 37 1601 ,

142 2893 178 2936 1)
206 2892 246 2930 V.
273 2893 428 2931 columb.
453 2894 570 2939 1,(17.
668 2894 705 2941 2)
740 2895 795 2932 Ιό.
821 2896 856 2939 I,v
881 2897 913 2932 7.
1011 2896 1048 2942 3)
1083 2896 1138 2933 Ib.
1164 2897 1197 2940 I,
1226 2898 1281 2933 10.
1379 2897 1418 2942 4)
1452 2896 1506 2933 Ib.
1532 2897 1566 2942 I,
1595 2898 1651 2934 17.

139 2939 180 2986 ὅ)
206 2940 246 2977 V.
272 2942 390 2984 infra.
489 2943 526 2987 6)
555 2942 596 2979 V.
624 2942 778 2979 Columb.
810 2943 838 2987 I,
867 2945 923 2980 11.
1023 2945 1058 2989 7)
1081 2944 1135 2980 Ib.
1162 2945 1194 2987 I,
1222 2946 1278 2981 15.

7 3264 29 3296 st*
