2008 3302
397 307 446 342 90
684 303 854 348 IONAS,
872 302 1035 340 VITAE
1061 301 1368 338 OOLUMBANI
1393 301 1538 337 LIBRI
1559 301 1613 339 11.

399 425 644 469 incendium
674 427 810 468 denuo
841 424 999 478 liqatus
1035 428 1073 467 et
1113 423 1351 478 bipartitus,
1394 423 1653 467 calamitatis
1691 437 1820 478 quam
1858 424 1904 467 vi
1978 454 1998 467 -,

398 485 514 540 iynis
541 498 697 538 passus
717 483 846 527 estin
871 484 920 527 V.
951 482 1202 526 Columbani
1224 481 1348 537 (pars
1369 484 1410 538 I,
1442 483 1517 536 fol.
1545 487 1627 526 125
1639 484 1808 539 —132)
1839 497 1902 527 vc-

398 544 530 598 stiqia
559 543 744 586 servavit
773 557 860 586 non
886 544 990 586 adeo
1018 543 1187 597 qravia,
1221 557 1313 586 cum
1338 557 1442 586 raro
1465 557 1599 586 unum
1623 547 1699 586 aut
1721 543 1902 586 alterum

399 604 643 646 vocabulum
674 602 756 657 leqi
786 607 975 657 nequeat.
2007 657 2008 660 Ἴ

545 662 794 716 Scripturae
824 662 1033 716 specimen
1065 661 1179 705 dedit
1208 662 1385 705 Lawlor
1415 663 1497 705 tab.
1529 662 1636 705 XV.
1925 679 1944 709 5
1979 684 2008 694 .-

543 734 586 775 A
604 733 701 788 2a2)
730 733 871 777 Codex
890 734 947 776 H
949 748 1036 776 ere
1045 734 1076 786 f
1078 734 1175 776 ord
1184 733 1334 776 ensis
1356 733 1624 777 bibliothecae
1645 732 1903 778 cathedralis
1999 748 2008 772 ε

400 794 452 836 P.
489 793 596 837 VII.
625 798 665 847 6,
706 808 814 837 saec.
848 793 999 836 XIII.
1036 793 1113 847 in.,
1156 794 1215 836 ad
1245 793 1494 847 passionale
1533 793 1746 847 quoddam
1782 807 1902 836 sanc·
1980 778 2008 868 f}

401 858 537 896 torum
569 852 807 909 pertinens,
849 853 969 896 cuius
999 853 1189 906 reliquae
1223 857 1374 907 partes
1403 867 1518 896 nunc
1548 853 1691 907 laten-t,
1731 851 1805 906 fol.
1830 851 1903 895 90¹
1978 862 2008 911 ἦ

400 917 561 964 -102,
595 913 643 955 V.
683 912 935 956 Columbani
965 912 1160 955 continet.
1976 924 1989 964 ’ζ

545 972 793 1026 Scripturae
824 972 1032 1026 specimen
1062 972 1178 1014 dedit
1207 972 1386 1014 Lawlor
1417 973 1499 1015 tab.
1528 971 1666 1015 XVI.
1928 966 1989 1018 115³⁴

543 1044 701 1098 A2a3)
741 1042 882 1086 Codex
927 1043 1000 1086 Ox
1014 1042 1264 1086 oniensis
1301 1043 1415 1086 inter
1453 1042 1718 1086 Bodleianos
1747 1042 1844 1086 Fell
1876 1047 1902 1086 2

402 1101 551 1152 (antea
581 1103 679 1145 Fell
709 1117 752 1145 n.
777 1106 803 1144 4
835 1107 874 1145 et
904 1118 947 1145 n.
971 1103 1124 1158 8688),
1166 1117 1274 1146 saec.
1305 1103 1425 1145 XII.
1448 1116 1525 1157 em„
1568 1102 1668 1145 olim
1708 1101 1904 1146 ecclesiae

399 1162 578 1204 maioris
600 1161 944 1216 Salisburiensis,
977 1163 1089 1205 unde
1120 1176 1213 1205 cum
1244 1162 1380 1205 tribus
1405 1162 1507 1205 aliis
1531 1161 1742 1205 codicibus
1761 1161 1904 1217 hayio-

397 1221 618 1276 9raphicis
645 1221 856 1265 Oxoniam
883 1222 1120 1265 translatus
1146 1226 1269 1276 atque
1290 1222 1388 1265 Fell
1408 1222 1597 1276 episcopo
1623 1223 1905 1265 commodatus
1979 1237 1983 1239 ’

400 1286 471 1335 est,
514 1295 565 1324 ex
596 1281 717 1324 cuius
747 1281 976 1324 hereditate
1015 1296 1056 1324 a.
1092 1285 1217 1325 1686.
1248 1281 1298 1324 in
1329 1281 1619 1325 bibliothecam
1650 1294 1779 1336 quam
1809 1280 1905 1324 dixi
1929 1296 1964 1326 ιι

399 1340 514 1383 venit
527 1341 554 1395 1,
578 1355 627 1395 p.
653 1345 907 1395 175—193,
940 1340 1115 1383 mutilus
1140 1355 1168 1383 a
1192 1341 1331 1384 verbis
1354 1356 1436 1398 per
1457 1342 1568 1384 anni
1589 1340 1646 1395 (c.
1667 1340 1715 1396 7)
1735 1340 1902 1397 incipit,

399 1400 599 1455 foliisque
624 1400 862 1454 deperditis,
887 1405 1112 1454 praeterea
1136 1400 1384 1443 exciderunt
1406 1401 1534 1444 haec:
1565 1402 1746 1445 deferre
1773 1398 1828 1452 (c.
1853 1402 1903 1456 9)

403 1484 458 1489 —
501 1475 556 1503 ex
596 1457 945 1516 parrochi[anis]
989 1459 1046 1513 (c.
1083 1461 1158 1515 15)
1200 1464 1240 1503 et
1279 1462 1429 1504 claves
1480 1459 1534 1514 (c.
1569 1461 1643 1516 17)
1685 1485 1743 1490 —
1783 1461 1904 1505 filios
1982 1491 1991 1514 ,Α

401 1521 677 1563 Theuderici
710 1517 764 1571 (c.
801 1521 891 1575 19).
953 1520 1027 1562 Ea
1071 1533 1180 1573 quae
1224 1520 1300 1562 hoc
1346 1520 1591 1575 leyendario
1636 1520 1905 1564 continentur
1989 1519 1991 1522 ’

400 1579 593 1622 maxima
623 1593 674 1622 ecc
708 1583 835 1634 parte
863 1579 915 1622 in
945 1579 1083 1622 codice
1112 1581 1391 1633 praecedente
1425 1581 1613 1634 redeunt,
1654 1593 1775 1635 quem
1805 1583 1905 1624 arta
1928 1596 1967 1624 ιο

401 1638 708 1682 necessitudine
747 1653 840 1681 cum
878 1638 972 1692 ipso
1014 1639 1282 1682 coniunctum
1328 1654 1416 1683 esse
1451 1644 1573 1694 patet
1581 1654 1598 1694 ,·
1642 1640 1692 1684 in
1730 1643 1906 1696 utroque
1980 1640 1989 1690 J

412 1699 460 1741 V.
489 1698 704 1742 Trudonis
725 1698 949 1752 praecedit
984 1698 1248 1742 Columbani.

547 1758 797 1813 Scripturae
827 1758 1036 1812 specimen
1067 1758 1184 1801 dedit
1211 1759 1390 1802 Lawlor
1420 1760 1503 1802 tab.
1531 1759 1700 1803 XVII.

545 1830 589 1872 A
607 1830 702 1885 2a4)
743 1829 883 1873 Codex
905 1829 1312 1873 Londiniensis
1336 1831 1485 1874 Musei
1504 1829 1762 1876 Britannici
1790 1831 1906 1876 inter
1979 1838 1991 1896 ξ

402 1889 516 1932 Add.
549 1903 646 1932 mss.
680 1904 723 1932 n.
747 1893 906 1944 34387,
948 1889 1022 1944 qui
1060 1890 1306 1944 fraymenta
1345 1890 1528 1934 diversis
1557 1890 1810 1946 temporibus
1839 1904 1904 1935 ex-
1928 1894 1993 1956 '⁵4

403 1953 532 1991 arata
557 1949 878 2004 comprehendit,
905 1949 980 2002 fol.
1005 1949 1148 2002 6—6‘,
1174 1964 1281 1993 saec.
1308 1951 1446 2005 XIV,
1463 1955 1634 2006 partem
1665 1951 1713 1995 V.
1743 1950 1905 1995 Colum·
1978 1954 1995 2002 «ἵ

403 2008 518 2062 bani,
551 2008 710 2051 scilicet
729 2009 768 2062 I,
796 2013 923 2063 7—9,
957 2024 985 2052 a
1015 2009 1177 2052 verbis:
1210 2006 1398 2066 [subtho
1431 2011 1724 2067 conspiciunt
1753 2011 1904 2054 virum

401 2092 460 2096 —
491 2069 748 2111 habueritis
774 2070 912 2112 fidem
944 2070 1065 2112 sicut]
1096 2084 1291 2125 granum
1320 2067 1325 2126 Ι
1353 2070 1527 2125 exhibet,
1559 2069 1634 2124 qui
1663 2074 1798 2114 textus
1827 2069 1904 2113 ali-
1983 2070 1998 2114 'i'

401 2142 485 2181 qua
517 2127 824 2171 necessitudine
855 2142 948 2172 cum
979 2127 1022 2170 A
1040 2129 1129 2171 2a1·
1143 2130 1169 2155 ²·
1183 2130 1199 2155 3
1230 2129 1478 2173 coniunctus
1508 2129 1676 2173 videtur
1704 2143 1815 2174 esse:

476 2188 516 2240 I,
543 2192 581 2229 9.
615 2189 827 2244 precibus
868 2203 1047 2244 parens,
1086 2189 1162 2245 pie
1202 2191 1383 2245 petenti
1422 2190 1553 2246 larga
1584 2190 1799 2233 subvenif·
1829 2203 1904 2248 po·
1929 2202 1967 2232 ω

687 2245 844 2303 testas]
880 2263 946 2304 pr.
980 2263 1252 2300 annuens,
1287 2250 1361 2305 pie
1393 2265 1437 2306 p.
1461 2250 1491 2291 l.
1515 2264 1549 2292 s.
1577 2265 1621 2306 p.
1643 2248 1800 2302 A2a⁴;
1834 2264 1902 2307 pr.

688 2308 719 2349 l.
747 2310 843 2364 pot.
877 2322 1152 2360 annuens,
1195 2309 1433 2364 postulata
1474 2309 1674 2352 contulit
1704 2309 1748 2352 A
1770 2309 1859 2352 2a1·
1873 2310 1902 2353 ².

408 2365 629 2419 Capitibus
659 2367 782 2410 nulla
803 2367 1078 2421 praescripta
1107 2372 1217 2410 sunt.

544 2437 587 2478 A
605 2437 679 2491 2b)
714 2437 852 2481 Codex
875 2438 1272 2482 Bruxellensis
1295 2454 1338 2482 n.
1359 2443 1487 2494 9289,
1523 2454 1632 2484 saec.
1652 2439 1771 2494 XII,
1803 2439 1904 2483 olim
1950 2483 1953 2487 .

401 2497 541 2539 Liber
562 2498 711 2539 sancii
732 2498 973 2541 Laurentii
1001 2499 1052 2540 in
1073 2499 1260 2550 Leodio,
1293 2499 1524 2542 adnotante
1547 2514 1681 2543 manu
1706 2514 1740 2543 s.
1766 2499 1911 2544 XIII
1927 2513 1964 2541 ιο

403 2554 498 2609 (fol.
526 2555 660 2610 195‘),
694 2556 931 2610 leqendarii
962 2557 1182 2601 cuiusdam
1204 2572 1317 2612 pars
1337 2559 1474 2601 altera
1494 2558 1606 2602 vitas
1626 2573 1668 2602 n.
1695 2559 1746 2603 X
1751 2559 1904 2604 CII—

409 2614 815 2659 CLXXXVIIII.
850 2617 1081 2670 continens,
1121 2617 1197 2670 fol.
1232 2621 1453 2661 90—97‘.
1493 2617 1808 2662 CXXVIIII.
1851 2619 1901 2663 V.

409 2674 659 2718 Columbani
699 2675 872 2730 exhibet,
913 2676 1071 2719 scilicet
1099 2676 1256 2720 librum
1286 2677 1480 2732 priorem
1515 2679 1670 2733 absque
1709 2678 1901 2734 epistula,

402 2734 602 2777 laterculo
633 2735 829 2790 capitum,
863 2735 1136 2779 carminibus.
1190 2736 1356 2791 Incipit
1383 2737 1518 2792 iqitur
1539 2738 1581 2792 I,
1607 2742 1644 2781 1:
1677 2738 1902 2795 Prologus
1953 2790 1955 2794 ¹
2006 2721 2008 2795 ἒ

400 2795 448 2836 in
496 2795 592 2837 vita
638 2796 788 2838 sancii
835 2795 1111 2839 columbani
1152 2797 1348 2840 abbatis.
1419 2798 1723 2852 Rutilantem,
1771 2811 1902 2853 neque
1925 2811 1965 2838 ιο
1982 2809 2008 2879 :⁵1

402 2853 586 2907 capitum
617 2855 785 2898 numeri
809 2868 941 2909 neque
966 2855 1328 2911 praescriptiones
1358 2857 1527 2912 adsunt,
1558 2857 1634 2900 sed
1661 2871 1691 2900 a
1720 2855 1902 2901 librario
1980 2868 2008 2942 {j

1984 2943 2008 3008 3:

402 2970 439 3015 1)
464 2971 560 3005 Fata
586 2972 702 3015 ipsius
726 2973 916 3007 enarravit
940 2971 1089 3007 Lawlor
1106 2984 1147 3017 p.
1165 2974 1222 3010 36.

1974 3123 1998 3132 ,α

1980 3178 1999 3259 Ξ

1976 3263 1998 3302 -ι
