2008 3302
431 269 602 316 IONAS,
619 268 783 307 VITAE
808 267 1115 305 GOLUMBANI
1139 267 1285 305 LIBRI
1310 268 1363 305 Π.
1630 270 1652 305 9

144 398 284 438 autem
321 391 545 447 paschatis
591 391 867 436 celebratione
914 395 999 434 tota
1046 390 1247 434 dioecesis
1293 405 1422 445 quam
1467 390 1653 433 maxime

134 453 482 521 perturbabatur.
545 452 801 506 Plerumque
834 450 964 495 Scotti
1002 450 1353 494 resurrectionem
1392 450 1652 494 dominicam

141 513 232 556 iam
263 512 503 567 septimana
524 516 623 555 ante
643 512 968 565 celebraverant,
1000 524 1128 565 quam
1149 510 1367 565 episcopus
1394 509 1652 554 Gallicanus

13 582 31 627 ᾗῚ
141 586 236 616 cum
275 572 367 615 suis
406 573 738 626 subsequeretur,
778 584 1100 625 nonnumquam
1139 574 1322 624 utraque
1359 584 1472 624 pars
1510 585 1651 614 mense

11 634 22 690 t.
97 647 117 675 υ
140 631 306 687 inteqro
352 631 570 675 disiuncta
615 635 720 674 erat.
783 631 1002 684 Maynum
1045 634 1185 673 autem
1226 629 1369 673 odium
1414 630 1472 673 iis
1518 630 1652 674 annis

20 741 23 747 ,
141 691 274 736 Scotti
318 691 540 746 subibant,
593 691 746 745 quibus
786 689 968 734 Victorii
1014 693 1238 733 sectatores
1277 694 1455 745 propter
1501 691 1651 734 lunam

16 746 35 806 ξ
138 755 340 807 quartam
379 751 586 795 decimam
624 750 674 794 in
705 750 816 794 diem
847 749 1107 793 dominicum
1136 751 1451 804 subsequentem
1483 750 1650 804 pascha

139 810 420 865 distulerant,·
451 815 550 855 tunc
580 810 694 854 enim
724 814 878 865 septem
909 809 1055 853 diebus
1074 809 1187 853 illud
1210 809 1497 864 anticipantes
1518 810 1650 853 oculis

139 871 487 914 adversariorum
508 870 763 914 videbantur
783 884 871 914 esse
891 868 1274 924 quartodecimani
1328 870 1388 912 Id
1408 884 1525 913 anno
1546 874 1646 912 600.

75 944 116 973 ιο
129 944 178 986 p.
218 930 323 974 Ghr.
357 930 524 985 accidit,
557 944 639 985 quo
672 930 825 974 Scottis
856 931 896 973 d.
931 934 971 973 3.
998 929 1172 984 Aprilis
1203 930 1230 972 Ζ.
1268 929 1466 984 XVIII,
1507 929 1650 973 Gallis

137 994 277 1035 autem
323 992 362 1034 d.
410 995 477 1035 10.
509 965 681 1045 Aprilis
727 991 754 1033 Ζ.
791 989 932 1032 XXI.
971 989 1141 1044 pascha
1191 990 1487 1033 celebrandum
1540 995 1646 1034 erat.

135 1049 342 1105 Episcopi
372 1065 466 1094 cum
496 1050 894 1105 quartodecimanos
922 1049 1245 1104 deprehendisse
1275 1049 1359 1092 sibi
1388 1050 1646 1105 viderentur,

136 1115 422 1154 convenerunt
439 1110 772 1164 sententiamque
790 1109 1047 1153 unanimam
1069 1109 1294 1153 dixerunt:
1321 1108 1446 1153 ‘Cum
1468 1110 1649 1154 Iudaeis

135 1169 282 1223 facere
312 1170 480 1226 paseha
510 1184 598 1213 non
629 1170 849 1213 debemus'.
919 1169 1204 1213 Golumbanus
1234 1173 1373 1212 autem
1404 1169 1528 1213 illam
1566 1170 1647 1223 fri-

75 1243 112 1271 ιο
135 1229 274 1273 volam
303 1230 609 1285 inpolitamque
639 1229 852 1283 iudicans,
886 1229 1131 1273 Candidum
1161 1233 1362 1272 rectorem
1385 1229 1648 1296 patrimonii

134 1289 250 1333 sedis
295 1290 550 1344 apostolicae
601 1304 653 1333 ex
698 1304 739 1332 a.
774 1293 874 1333 595.
922 1288 972 1332 in
1018 1288 1181 1332 Galliis
1225 1293 1462 1332 versantem
1500 1290 1646 1344 primo

135 1348 296 1392 adiisse
344 1349 524 1403 videtur,
577 1350 652 1392 sed
700 1363 948 1403 responsum
998 1348 1143 1391 minus
1187 1348 1427 1401 favorabile
1473 1350 1644 1404 accepit,

134 1407 295 1452 scilicet
325 1409 524 1463 temporis
554 1408 809 1463 antiquitate
839 1409 1042 1452 roborata
1062 1407 1225 1451 mutari
1245 1422 1334 1451 non
1356 1422 1495 1462 posse.
1544 1410 1646 1452 Iam

135 1472 265 1512 totam
286 1483 461 1512 causam
482 1470 543 1512 ad
568 1468 826 1523 Greqorium
838 1483 1008 1524 papam
1029 1467 1180 1511 detulit
1191 1468 1218 1522 1,
1243 1467 1379 1511 ‘Petri
1400 1469 1645 1512 cathedram

73 1543 112 1571 so
135 1528 315 1583 apostoli
354 1533 395 1572 et
433 1528 706 1572 clavicularii
746 1528 929 1583 leqitime
968 1527 1249 1582 insidentem',
1291 1532 1338 1571 ut
1377 1528 1516 1582 ipsius
1554 1544 1644 1572 sen-

134 1588 269 1632 tentia
319 1592 397 1632 aut
445 1593 720 1632 excusaretur
770 1592 847 1631 aut
894 1589 1176 1631 damnaretur
1225 1587 1522 1632 schismaticus
1571 1589 1645 1632 ille

145 1647 368 1703 Victorius,
411 1662 499 1691 non
538 1652 726 1703 receptus
769 1650 823 1692 ab
855 1647 1112 1692 Hibernicis
1151 1647 1345 1702 antiquis
1379 1648 1646 1704 philosophis

8 1701 38 1763 J}
134 1711 175 1751 et
217 1707 549 1762 sapientissimis
595 1707 871 1763 componendi
922 1707 1077 1751 calculi
1128 1708 1419 1762 computariis.
1497 1708 1646 1763 Ipsius

18 1765 29 1821 ζ
124 1768 335 1824 paschale
364 1768 528 1812 Romae
567 1767 737 1823 quidem
775 1767 866 1811 iam
907 1767 983 1811 diu
1023 1767 1229 1810 aboli-tum
1266 1772 1370 1822 erat,
1412 1769 1487 1811 sed
1524 1783 1645 1823 quem

9 1824 31 1870 ἕ
72 1841 111 1875 ³⁵
134 1831 234 1871 tunc
262 1827 327 1871 ibi
357 1828 616 1872 adhibebant
645 1829 785 1884 cyclus
804 1827 1015 1883 Dionysii
1036 1827 1203 1882 Exiqui
1227 1842 1274 1871 eo
1297 1828 1439 1883 mayis
1459 1828 1648 1872 distabat

9 1878 30 1901 '⁸
134 1902 163 1931 a
201 1891 337 1931 vetere
377 1888 614 1932 Scottorum
652 1889 965 1943 supputatione.
1034 1887 1322 1931 Columbanus
1362 1889 1468 1931 luna
1503 1889 1642 1931 XXI.

133 1951 173 1991 et
205 1947 378 1990 XXII.
411 1947 624 1992 contendit
654 1948 823 2003 pascha
863 1962 952 1991 non
991 1962 1091 2014 esse,
1133 1947 1335 1991 Anatolii
1370 1949 1564 2004 alleqans
1595 1950 1646 1991 de

126 2007 293 2061 pascha
323 2022 439 2062 opus,
471 2012 596 2062 utque
628 2007 860 2051 Victorium
891 2022 937 2051 eo
967 2008 1107 2062 maqis
1127 2008 1349 2062 refelleret,
1374 2023 1458 2062 per
1489 2008 1645 2051 librum

133 2066 207 2122 qui
236 2067 287 2110 in
318 2067 460 2111 Gallis
490 2072 590 2111 tunc
622 2067 999 2121 circumferebatur
1030 2068 1238 2122 doqmatis
1265 2068 1473 2122 probavit,
1506 2082 1644 2111 resur-

70 2141 108 2168 ae
132 2126 359 2170 rectionem
389 2127 648 2171 dominicam
679 2132 778 2171 ante
809 2127 1124 2182 aequinoctium
1145 2142 1322 2170 vernum
1348 2129 1644 2171 celebrandam

132 2200 221 2230 non
267 2201 354 2230 esse
363 2202 380 2241 ,·
430 2187 650 2242 iynoravit
695 2191 835 2230 autem
881 2188 932 2230 de
976 2187 1070 2242 ipso
1117 2187 1381 2242 aequinoctio
1421 2192 1645 2242 utramque

132 2246 378 2302 discrepare
399 2251 586 2302 partem,
620 2261 794 2301 cumque
824 2246 1071 2290 adversarii
1097 2247 1342 2290 Nicaenum
1373 2248 1642 2303 accepissent,

10 1374 37 1416 ‘c
6 960 43 1346 -‹-¹·<-.1·³=·÷ffl*fflsz··z=a
8 915 12 938 ·’
12 743 16 754 ’

132 2379 226 2410 tasse
249 2380 312 2418 est,
337 2377 439 2410 euius
463 2377 638 2411 memoria
654 2378 765 2420 fastis
780 2377 1069 2411 Luxoviensibus
1085 2377 1237 2421 Martyr
1238 2378 1346 2432 oloqii
1360 2378 1455 2412 Hier
1456 2381 1647 2422 onymiani

21 2443 23 2446 <
132 2424 241 2458 illata
273 2428 324 2458 est
349 2424 444 2467 (cod.
468 2424 659 2470 Eptern.).·
693 2423 747 2461 Π.
773 2423 870 2460 Non.
897 2423 978 2461 Ian.
1003 2424 1128 2460 Aedui
1153 2425 1315 2471 episcopi
1340 2427 1405 2469 (cf.
1434 2426 1492 2462 ‘.N
1518 2427 1643 2463 Arch!

72 2463 109 2503 “⁸⁶
131 2471 279 2514 XXIV,
309 2483 350 2516 p.
376 2473 475 2510 311).
526 2473 666 2508 Aedeus
699 2473 953 2517 appellabatur
977 2473 1088 2507 abbas
1118 2474 1378 2509 Benchorensis
1410 2476 1561 2517 tertius,·
1597 2477 1642 2518 cf.

131 2519 331 2564 Antiphon.
369 2520 542 2554 Benchor.
603 2521 667 2563 (F.
706 2520 752 2557 Ε.
786 2521 944 2555 Warren
982 2521 1004 2556 Ζ
1043 2522 1064 2557 l
1103 2525 1185 2558 tom.
1223 2522 1249 2556 I
1253 2522 1322 2562 V)
1360 2521 1548 2556 Domuum
1586 2534 1644 2557 01·-

131 2567 235 2602 navit
258 2567 348 2611 (scil.
375 2568 560 2611 Christus)
586 2568 768 2605 Aedeum.
853 2570 888 2613 1)
914 2569 1087 2614 Epistula
1113 2569 1329 2604 Columbani
1351 2571 1400 2604 ad
1427 2571 1645 2614 Greyorium

132 2615 201 2658 (ed.
227 2615 281 2652 W.
310 2615 514 2660 Gundlach,
540 2616 628 2652 ΜΘ.
654 2617 724 2661 Ep.
751 2617 827 2660 III,
849 2618 918 2654 156
931 2619 1025 2661 sqq.)
1059 2628 1157 2652 anno
1189 2619 1278 2652 data
1311 2622 1371 2661 est,
1406 2629 1476 2663 quo
1507 2620 1644 2664 pascha

132 2662 333 2697 Scottorum
366 2674 444 2698 cum
481 2664 570 2698 luna
601 2664 667 2698 XI
668 2665 709 2702 V,
744 2643 834 2708 cycli
863 2666 1068 2699 Victoriam·
1099 2666 1332 2708 conveniebat,
1366 2666 1405 2699 id
1438 2668 1532 2710 quod
1562 2671 1644 2711 post

70 2715 109 2742 40
132 2721 166 2747 a.
185 2712 266 2748 595.
293 2713 402 2745 annis
425 2715 566 2746 tantum
592 2714 673 2749 600.
699 2716 730 2747 et
756 2714 838 2749 603.
863 2714 1001 2757 accidit,
1029 2724 1176 2758 cumque
1201 2725 1244 2748 ατ
1268 2692 1419 2759 epistula
1446 2716 1646 2758 insequenti

8 2798 11 2800 μ
131 2757 374 2803 intelleqatur,
408 2760 555 2794 eandem
586 2762 826 2804 quaestionem
849 2762 1008 2795 triennio
1032 2766 1115 2796 ante
1138 2763 1348 2797 ventilatam
1381 2773 1465 2805 esse,
1499 2773 1645 2807 cumque

72 2814 76 2826 ‘
131 2806 217 2841 haec
241 2817 276 2842 a.
294 2809 375 2844 603.
401 2809 605 2851 conscripta
628 2810 687 2851 sit,
712 2808 816 2843 illam
841 2820 875 2845 a.
895 2810 976 2845 600.
1001 2810 1267 2844 attribuendam
1284 2821 1356 2845 esse
1373 2814 1480 2853 patet
1516 2810 1644 2845 Etiam

132 2855 177 2890 A.
202 2854 348 2897 Hauck,
377 2855 664 2899 ‘Kirchenqesch
682 2856 960 2891 Deutschlands'
977 2858 1009 2901 I,
1029 2868 1070 2901 p.
1088 2857 1192 2901 601³,
1218 2859 1263 2892 ab
1287 2858 1353 2892 hoc
1379 2868 1475 2892 anno
1500 2859 1644 2903 lonyius

132 2902 321 2937 dissentire
344 2904 420 2937 iam
444 2903 571 2947 noluit,
592 2908 786 2949 postquam
810 2906 1000 2950 epistulam
1024 2916 1059 2941 a.
1077 2907 1159 2942 597.
1179 2910 1242 2940 aut
1264 2907 1345 2943 598.
1372 2907 1546 2950 scriptam
1571 2917 1644 2941 esse

70 2953 108 2980 45
134 2949 218 2984 olim
243 2952 377 2985 censuit
401 2951 463 2994 (ib.
484 2962 524 2995 p.
542 2930 614 2988 584
622 2951 663 2995 ²).
